@article{Behnke:2013xla,
      author         = "Behnke, Ties and Brau, James E. and Foster, Brian and
                        Fuster, Juan and Harrison, Mike and Paterson, James McEwan
                        and Peskin, Michael and Stanitzki, Marcel and Walker,
                        Nicholas and Yamamoto, Hitoshi",
      title          = "{The International Linear Collider Technical Design
                        Report - Volume 1: Executive Summary}",
      year           = "2013",
      eprint         = "1306.6327",
      archivePrefix  = "arXiv",
      primaryClass   = "physics.acc-ph",
      reportNumber   = "ILC-REPORT-2013-040, ANL-HEP-TR-13-20,
                        BNL-100603-2013-IR, IRFU-13-59, CERN-ATS-2013-037,
                        COCKCROFT-13-10, CLNS-13-2085, DESY-13-062,
                        FERMILAB-TM-2554, IHEP-AC-ILC-2013-001, INFN-13-04-LNF,
                        JAI-2013-001, JINR-E9-2013-35, JLAB-R-2013-01,
                        KEK-REPORT-2013-1, KNU-CHEP-ILC-2013-1, LLNL-TR-635539,
                        SLAC-R-1004, ILC-HIGRADE-REPORT-2013-003",
      SLACcitation   = "%%CITATION = ARXIV:1306.6327;%%"
}

@article{Baer:2013cma,
      author         = "Baer, Howard and Barklow, Tim and Fujii, Keisuke and Gao,
                        Yuanning and Hoang, Andre and Kanemura, Shinya and List,
                        Jenny and Logan, Heather E. and Nomerotski, Andrei and
                        Perelstein, Maxim and others ",
      title          = "{The International Linear Collider Technical Design
                        Report - Volume 2: Physics}",
      year           = "2013",
      eprint         = "1306.6352",
      archivePrefix  = "arXiv",
      primaryClass   = "hep-ph",
      reportNumber   = "ILC-REPORT-2013-040, ANL-HEP-TR-13-20,
                        BNL-100603-2013-IR, IRFU-13-59, CERN-ATS-2013-037,
                        COCKCROFT-13-10, CLNS-13-2085, DESY-13-062,
                        FERMILAB-TM-2554, IHEP-AC-ILC-2013-001, INFN-13-04-LNF,
                        JAI-2013-001, JINR-E9-2013-35, JLAB-R-2013-01,
                        KEK-REPORT-2013-1, KNU-CHEP-ILC-2013-1, LLNL-TR-635539,
                        SLAC-R-1004, ILC-HIGRADE-REPORT-2013-003",
      SLACcitation   = "%%CITATION = ARXIV:1306.6352;%%"
}

@article{Adolphsen:2013kya,
      author         = "Adolphsen, Chris and Barone, Maura and Barish, Barry and
                        Buesser, Karsten and Burrows, Philip and Carwardine, John
                        and Clark, Jeffrey and Mainaud Durand, H�l�ne and Dugan,
                        Gerry and Elsen, Eckhard and others ",
      title          = "{The International Linear Collider Technical Design
                        Report - Volume 3.II: Accelerator Baseline Design}",
      year           = "2013",
      eprint         = "1306.6328",
      archivePrefix  = "arXiv",
      primaryClass   = "physics.acc-ph",
      reportNumber   = "ILC-REPORT-2013-040, ANL-HEP-TR-13-20,
                        BNL-100603-2013-IR, IRFU-13-59, CERN-ATS-2013-037,
                        COCKCROFT-13-10, CLNS-13-2085, DESY-13-062,
                        FERMILAB-TM-2554, IHEP-AC-ILC-2013-001, INFN-13-04-LNF,
                        JAI-2013-001, JINR-E9-2013-35, JLAB-R-2013-01,
                        KEK-REPORT-2013-1, KNU-CHEP-ILC-2013-1, LLNL-TR-635539,
                        SLAC-R-1004, ILC-HIGRADE-REPORT-2013-003",
      SLACcitation   = "%%CITATION = ARXIV:1306.6328;%%"
}

@article{Behnke:2013lya,
      author         = "Abramowicz, Halina and others",
      editor         = "Behnke, Ties and Brau, James E. and Burrows, Philip N.
                        and Fuster, Juan and Peskin, Michael and Stanitzki, Marcel
                        and Sugimoto, Yasuhiro and Yamada, Sakue and Yamamoto,
                        Hitoshi",
      title          = "{The International Linear Collider Technical Design
                        Report - Volume 4: Detectors}",
      year           = "2013",
      eprint         = "1306.6329",
      archivePrefix  = "arXiv",
      primaryClass   = "physics.ins-det",
      reportNumber   = "ILC-REPORT-2013-040, ANL-HEP-TR-13-20,
                        BNL-100603-2013-IR, IRFU-13-59, CERN-ATS-2013-037,
                        COCKCROFT-13-10, CLNS-13-2085, DESY-13-062,
                        FERMILAB-TM-2554, IHEP-AC-ILC-2013-001, INFN-13-04-LNF,
                        JAI-2013-001, JINR-E9-2013-35, JLAB-R-2013-01,
                        KEK-REPORT-2013-1, KNU-CHEP-ILC-2013-1, LLNL-TR-635539,
                        SLAC-R-1004, ILC-HIGRADE-REPORT-2013-003",
      SLACcitation   = "%%CITATION = ARXIV:1306.6329;%%"
}

@article{Aihara:2009ad,
      author         = "Aihara, H. and Burrows, P. and Oreglia, M. and Berger, E.
                        L. and Guarino, V. and Repond, J. and Weerts, H. and Xia,
                        L. and Zhang, J. and Zhang, Q. and others ",
      title          = "{SiD Letter of Intent}",
      year           = "2009",
      eprint         = "0911.0006",
      archivePrefix  = "arXiv",
      primaryClass   = "physics.ins-det",
      reportNumber   = "SLAC-R-989, FERMILAB-LOI-2009-01, FERMILAB-PUB-09-681-E",
      SLACcitation   = "%%CITATION = ARXIV:0911.0006;%%"
}

@article{Evans:2017rvt,
      author         = "Evans, Lyn and Michizono, Shinichiro",
      title          = "{The International Linear Collider Machine Staging Report
                        2017}",
      collaboration  = "Linear Collide",
      year           = "2017",
      eprint         = "1711.00568",
      archivePrefix  = "arXiv",
      primaryClass   = "physics.acc-ph",
      reportNumber   = "KEK-2017-3, DESY-17-180, CERN-ACC-2017-0097",
      SLACcitation   = "%%CITATION = ARXIV:1711.00568;%%"
}

@article{Lepage:2014fla,
      author         = "Lepage, G. Peter and Mackenzie, Paul B. and Peskin,
                        Michael E.",
      title          = "{Expected Precision of Higgs Boson Partial Widths within
                        the Standard Model}",
      year           = "2014",
      eprint         = "1404.0319",
      archivePrefix  = "arXiv",
      primaryClass   = "hep-ph",
      reportNumber   = "FERMILAB-PUB-14-068-T, SLAC-PUB-15936,
                        FERMILAB--PUB--14--068--T, SLAC--PUB--15936",
      SLACcitation   = "%%CITATION = ARXIV:1404.0319;%%"
}

@article{Barklow:2017suo,
      author         = "Barklow, Tim and Fujii, Keisuke and Jung, Sunghoon and
                        Karl, Robert and List, Jenny and Ogawa, Tomohisa and
                        Peskin, Michael E. and Tian, Junping",
      title          = "{Improved Formalism for Precision Higgs Coupling Fits}",
      journal        = "Phys. Rev.",
      volume         = "D97",
      year           = "2018",
      number         = "5",
      pages          = "053003",
      doi            = "10.1103/PhysRevD.97.053003",
      eprint         = "1708.08912",
      archivePrefix  = "arXiv",
      primaryClass   = "hep-ph",
      reportNumber   = "DESY-17-120, KEK-PREPRINT-2017-22, SLAC-PUB-17129",
      SLACcitation   = "%%CITATION = ARXIV:1708.08912;%%"
}

@article{Fujii:2017vwa,
      author         = "Fujii, Keisuke and others",
      title          = "{Physics Case for the 250 GeV Stage of the International
                        Linear Collider}",
      year           = "2017",
      eprint         = "1710.07621",
      archivePrefix  = "arXiv",
      primaryClass   = "hep-ex",
      reportNumber   = "DESY-17-155 / KEK Preprint 2017-31 / LAL 17-059 /
                        SLAC-PUB-17161, DESY-17-155, KEK-PREPRINT-2017-31,
                        LAL-17-059, SLAC-PUB-17161,
                        DESY-17-155---KEK-PREPRINT-2017-31---LAL-17-059---SLAC-PUB-17161",
      SLACcitation   = "%%CITATION = ARXIV:1710.07621;%%"
}
 
@article{Liu:2016zki,
      author         = "Liu, Zhen and Wang, Lian-Tao and Zhang, Hao",
      title          = "{Exotic decays of the 125 GeV Higgs boson at future
                        $e^+e^-$ lepton colliders}",
      journal        = "Chin. Phys.",
      volume         = "C41",
      year           = "2017",
      number         = "6",
      pages          = "063102",
      doi            = "10.1088/1674-1137/41/6/063102",
      eprint         = "1612.09284",
      archivePrefix  = "arXiv",
      primaryClass   = "hep-ph",
      reportNumber   = "FERMILAB-PUB-16-608-T",
      SLACcitation   = "%%CITATION = ARXIV:1612.09284;%%"
}

@article{Abe:2010aa,
      author         = "Abe, Toshinori and others",
      title          = "{The International Large Detector: Letter of Intent}",
      collaboration  = "Linear Collider ILD Concept Group -",
      doi            = "10.2172/975166",
      year           = "2010",
      eprint         = "1006.3396",
      archivePrefix  = "arXiv",
      primaryClass   = "hep-ex",
      reportNumber   = "FERMILAB-LOI-2010-03, FERMILAB-PUB-09-682-E, DESY-09-87,KEK-REPORT-2009-6",
      SLACcitation   = "%%CITATION = ARXIV:1006.3396;%%"
}


@article{H2aaLHC, 
      author         = "ATLAS Collab.",
      title        = "{Our long report in preparation}",
      year       = "2015",
      journal   = " EPJ Web of Conferences 95, 04031",
      archivePrefix  = "arXiv",
      primaryClass   = "physics.acc-ph",
      reportNumber   = "ILC-REPORT-2013-040, ANL-HEP-TR-13-20",
      SLACcitation   = "%%CITATION = ARXIV:1306.6328;%%"
}

@article{LHCHiggssummary,
      author         = "LHC",
      title        = "{LHC Higgs summary}",
      year       = "2018",
      journal         = " EPJ Web of Conferences 95, 04031",
      eprint         = "17xx.xxxx",
      archivePrefix  = "arXiv",
      primaryClass   = "physics.acc-ph",
      reportNumber   = "ILC-REPORT-2013-040, ANL-HEP-TR-13-20",
      SLACcitation   = "%%CITATION = ARXIV:1306.6328;%%"
}

@article{Higgsino,
      author         = "ILC",
      title        = "{Higgsino at ILC}",
      year       = "2018",
      journal         = " EPJ Web of Conferences 95, 04031",
      eprint         = "17xx.xxxx",
      archivePrefix  = "arXiv",
      primaryClass   = "physics.acc-ph",
      reportNumber   = "ILC-REPORT-2013-040, ANL-HEP-TR-13-20",
      SLACcitation   = "%%CITATION = ARXIV:1306.6328;%%"
}

@article{eetobb,
      author         = "ILC",
      title        = "{paper on $\ee\to b\bar b$}",
      year       = "2018",
      journal         = " EPJ Web of Conferences 95, 04031",
      eprint         = "17xx.xxxx",
      archivePrefix  = "arXiv",
      primaryClass   = "physics.acc-ph",
      reportNumber   = "ILC-REPORT-2013-040, ANL-HEP-TR-13-2",
      SLACcitation   = "%%CITATION = ARXIV:1306.6328;%%"
}

@article{ILCforESS,
      author         = "Peskin, M and others ",
      title          = "{Our long report in preparation}",
      year           = "2018",
      eprint         = "17xx.xxxx",
      archivePrefix  = "arXiv",
      primaryClass   = "physics.acc-ph",
      reportNumber   = "ILC-REPORT-2013-040, ANL-HEP-TR-13-20",
      SLACcitation   = "%%CITATION = ARXIV:1306.6328;%%"
}


