@article{Baur:2004uw,
      author         = "Baur, U. and Juste, A. and Orr, L. H. and Rainwater, D.",
      title          = "{Probing electroweak top quark couplings at hadron
                        colliders}",
      journal        = "Phys. Rev.",
      volume         = "D71",
      year           = "2005",
      pages          = "054013",
      doi            = "10.1103/PhysRevD.71.054013",
      eprint         = "hep-ph/0412021",
      archivePrefix  = "arXiv",
      primaryClass   = "hep-ph",
      reportNumber   = "UB-HET-04-03, FERMILAB-PUB-04-344-T",
      SLACcitation   = "%%CITATION = HEP-PH/0412021;%%"
}
@article{Baur:2005wi,
      author         = "Baur, U. and Juste, A. and Rainwater, D. and Orr, L. H.",
      title          = "{Improved measurement of $ttZ$ couplings at the CERN
                        LHC}",
      journal        = "Phys. Rev.",
      volume         = "D73",
      year           = "2006",
      pages          = "034016",
      doi            = "10.1103/PhysRevD.73.034016",
      eprint         = "hep-ph/0512262",
      archivePrefix  = "arXiv",
      primaryClass   = "hep-ph",
      reportNumber   = "UB-HET-05-01, FERMILAB-PUB-05-542-T",
      SLACcitation   = "%%CITATION = HEP-PH/0512262;%%"
}


@article{Hesari:2014eua,
      author         = "Hesari, Hoda and Khanpour, Hamzeh and Khatiri Yanehsari,
                        Morteza and Mohammadi Najafabadi, Mojtaba",
      title          = "{Probing the Top Quark Flavour-Changing Neutral Current
                        at a Future Electron-Positron Collider}",
      journal        = "Adv. High Energy Phys.",
      volume         = "2014",
      year           = "2014",
      pages          = "476490",
      doi            = "10.1155/2014/476490",
      eprint         = "1412.8572",
      archivePrefix  = "arXiv",
      primaryClass   = "hep-ex",
      SLACcitation   = "%%CITATION = ARXIV:1412.8572;%%"
}


@inproceedings{Zarnecki:2018wsw,
      author         = "Zarnecki, A. F. and van der Kolk, N.",
      title          = "{Limits on top FCNC decay t$\rightarrow$cH and
                        t$\rightarrow$c$\gamma$ from CLIC at 380 GeV}",
      booktitle      = "{International Workshop on Future Linear Collider
                        (LCWS2017) Strasbourg, France, October 23-27, 2017}",
      collaboration  = "CLICdp",
      year           = "2018",
      eprint         = "1801.04585",
      archivePrefix  = "arXiv",
      primaryClass   = "hep-ex",
      reportNumber   = "CLICdp-Conf-2018-001",
      SLACcitation   = "%%CITATION = ARXIV:1801.04585;%%"
}

@article{Fujii:2015jha,
      author         = "Fujii, Keisuke and others",
      title          = "{Physics Case for the International Linear Collider}",
      year           = "2015",
      eprint         = "1506.05992",
      archivePrefix  = "arXiv",
      primaryClass   = "hep-ex",
      reportNumber   = "ILC-NOTE-2015-067, DESY-15-094, KEK-PREPRINT-2015-16,
                        LAL-15-188, MPP-2015-120, SLAC-PUB-16302",
      SLACcitation   = "%%CITATION = ARXIV:1506.05992;%%"
}

@article{Cahill-Rowley:2014wba,
      author         = "Cahill-Rowley, M. and Hewett, J. and Ismail, A. and
                        Rizzo, T.",
      title          = "{Higgs boson coupling measurements and direct searches as
                        complementary probes of the phenomenological MSSM}",
      journal        = "Phys. Rev.",
      volume         = "D90",
      year           = "2014",
      number         = "9",
      pages          = "095017",
      doi            = "10.1103/PhysRevD.90.095017",
      eprint         = "1407.7021",
      archivePrefix  = "arXiv",
      primaryClass   = "hep-ph",
      reportNumber   = "SLAC-PUB-15935",
      SLACcitation   = "%%CITATION = ARXIV:1407.7021;%%"
}

@article{Baer:2013cma,
      author         = "Baer, Howard and Barklow, Tim and Fujii, Keisuke and Gao,
                        Yuanning and Hoang, Andre and Kanemura, Shinya and List,
                        Jenny and Logan, Heather E. and Nomerotski, Andrei and
                        Perelstein, Maxim and others ",
      title          = "{The International Linear Collider Technical Design
                        Report - Volume 2: Physics}",
      year           = "2013",
      eprint         = "1306.6352",
      archivePrefix  = "arXiv",
      primaryClass   = "hep-ph",
      reportNumber   = "ILC-REPORT-2013-040, ANL-HEP-TR-13-20,
                        BNL-100603-2013-IR, IRFU-13-59, CERN-ATS-2013-037,
                        COCKCROFT-13-10, CLNS-13-2085, DESY-13-062,
                        FERMILAB-TM-2554, IHEP-AC-ILC-2013-001, INFN-13-04-LNF,
                        JAI-2013-001, JINR-E9-2013-35, JLAB-R-2013-01,
                        KEK-REPORT-2013-1, KNU-CHEP-ILC-2013-1, LLNL-TR-635539,
                        SLAC-R-1004, ILC-HIGRADE-REPORT-2013-003",
      SLACcitation   = "%%CITATION = ARXIV:1306.6352;%%"
}


@article{Linssen:2012hp,
      author         = "Linssen, Lucie and Miyamoto, Akiya and Stanitzki, Marcel
                        and Weerts, Harry",
      title          = "{Physics and Detectors at CLIC: CLIC Conceptual Design
                        Report}",
      doi            = "10.5170/CERN-2012-003",
      year           = "2012",
      eprint         = "1202.5940",
      archivePrefix  = "arXiv",
      primaryClass   = "physics.ins-det",
      reportNumber   = "CERN-2012-003, ANL-HEP-TR-12-01, DESY-12-008,
                        KEK-REPORT-2011-7",
      SLACcitation   = "%%CITATION = ARXIV:1202.5940;%%"
}

@article{Behnke:2013xla,
      author         = "Behnke, Ties and Brau, James E. and Foster, Brian and
                        Fuster, Juan and Harrison, Mike and Paterson, James McEwan
                        and Peskin, Michael and Stanitzki, Marcel and Walker,
                        Nicholas and Yamamoto, Hitoshi",
      title          = "{The International Linear Collider Technical Design
                        Report - Volume 1: Executive Summary}",
      year           = "2013",
      eprint         = "1306.6327",
      archivePrefix  = "arXiv",
      primaryClass   = "physics.acc-ph",
      reportNumber   = "ILC-REPORT-2013-040, ANL-HEP-TR-13-20,
                        BNL-100603-2013-IR, IRFU-13-59, CERN-ATS-2013-037,
                        COCKCROFT-13-10, CLNS-13-2085, DESY-13-062,
                        FERMILAB-TM-2554, IHEP-AC-ILC-2013-001, INFN-13-04-LNF,
                        JAI-2013-001, JINR-E9-2013-35, JLAB-R-2013-01,
                        KEK-REPORT-2013-1, KNU-CHEP-ILC-2013-1, LLNL-TR-635539,
                        SLAC-R-1004, ILC-HIGRADE-REPORT-2013-003",
      SLACcitation   = "%%CITATION = ARXIV:1306.6327;%%"
}


@article{Barklow:2015tja,
      author         = "Barklow, T. and Brau, J. and Fujii, K. and Gao, J. and
                        List, J. and Walker, N. and Yokoya, K.",
      title          = "{ILC Operating Scenarios}",
      year           = "2015",
      eprint         = "1506.07830",
      archivePrefix  = "arXiv",
      primaryClass   = "hep-ex",
      reportNumber   = "ILC-NOTE-2015-068, DESY-15-102, IHEP-AC-2015-002,
                        KEK-PREPRINT --2015-17, SLAC-PUB-16309",
      SLACcitation   = "%%CITATION = ARXIV:1506.07830;%%"
}


@article{Adolphsen:2013jya,
      author         = "Adolphsen, Chris and Barone, Maura and Barish, Barry and
                        Buesser, Karsten and Burrows, Philip and Carwardine, John
                        and Clark, Jeffrey and Mainaud Durand, Hélène and Dugan,
                        Gerry and Elsen, Eckhard and others ",
      title          = "{The International Linear Collider Technical Design
                        Report - Volume 3.I: Accelerator \& in the Technical
                        Design Phase}",
      year           = "2013",
      eprint         = "1306.6353",
      archivePrefix  = "arXiv",
      primaryClass   = "physics.acc-ph",
      reportNumber   = "ILC-REPORT-2013-040, ANL-HEP-TR-13-20,
                        BNL-100603-2013-IR, IRFU-13-59, CERN-ATS-2013-037,
                        COCKCROFT-13-10, CLNS-13-2085, DESY-13-062,
                        FERMILAB-TM-2554, IHEP-AC-ILC-2013-001, INFN-13-04-LNF,
                        JAI-2013-001, JINR-E9-2013-35, JLAB-R-2013-01,
                        KEK-REPORT-2013-1, KNU-CHEP-ILC-2013-1, LLNL-TR-635539,
                        SLAC-R-1004, ILC-HIGRADE-REPORT-2013-003",
      SLACcitation   = "%%CITATION = ARXIV:1306.6353;%%"
}


@article{Adolphsen:2013kya,
      author         = "Adolphsen, Chris and Barone, Maura and Barish, Barry and
                        Buesser, Karsten and Burrows, Philip and Carwardine, John
                        and Clark, Jeffrey and Mainaud Durand, Hélène and Dugan,
                        Gerry and Elsen, Eckhard and others ",
      title          = "{The International Linear Collider Technical Design
                        Report - Volume 3.II: Accelerator Baseline Design}",
      year           = "2013",
      eprint         = "1306.6328",
      archivePrefix  = "arXiv",
      primaryClass   = "physics.acc-ph",
      reportNumber   = "ILC-REPORT-2013-040, ANL-HEP-TR-13-20,
                        BNL-100603-2013-IR, IRFU-13-59, CERN-ATS-2013-037,
                        COCKCROFT-13-10, CLNS-13-2085, DESY-13-062,
                        FERMILAB-TM-2554, IHEP-AC-ILC-2013-001, INFN-13-04-LNF,
                        JAI-2013-001, JINR-E9-2013-35, JLAB-R-2013-01,
                        KEK-REPORT-2013-1, KNU-CHEP-ILC-2013-1, LLNL-TR-635539,
                        SLAC-R-1004, ILC-HIGRADE-REPORT-2013-003",
      SLACcitation   = "%%CITATION = ARXIV:1306.6328;%%"
}

@article{Martinello:2018grn,
      author         = "Martinello, M. and Checchin, M. and Romanenko, A. and
                        Grassellino, A. and Aderhold, S. and Chandrasekeran,
                        S. K. and Melnychuk, O. and Posen, S. and Sergatskov,
                        D. A.",
      title          = "{Field-Enhanced Superconductivity in High-Frequency
                        Niobium Accelerating Cavities}",
      journal        = "Phys. Rev. Lett.",
      volume         = "121",
      year           = "2018",
      number         = "22",
      pages          = "224801",
      doi            = "10.1103/PhysRevLett.121.224801",
      SLACcitation   = "%%CITATION = PRLTA,121,224801;%%"
}



@article{Durieux:2018tev,
      author         = "Durieux, Gauthier and Perelló, Martín and Vos, Marcel
                        and Zhang, Cen",
      title          = "{Global and optimal probes for the top-quark effective
                        field theory at future lepton colliders}",
      journal        = "JHEP",
      volume         = "10",
      year           = "2018",
      pages          = "168",
      doi            = "10.1007/JHEP10(2018)168",
      eprint         = "1807.02121",
      archivePrefix  = "arXiv",
      primaryClass   = "hep-ph",
      reportNumber   = "DESY-18-096, IFIC-18-27, DESY 18-096, IFIC 18-27",
      SLACcitation   = "%%CITATION = ARXIV:1807.02121;%%"
}


@article{Abramowicz:2016zbo,
      author         = "Abramowicz, H. and others",
      title          = "{Higgs physics at the CLIC electron–positron linear
                        collider}",
      journal        = "Eur. Phys. J.",
      volume         = "C77",
      year           = "2017",
      number         = "7",
      pages          = "475",
      doi            = "10.1140/epjc/s10052-017-4968-5",
      eprint         = "1608.07538",
      archivePrefix  = "arXiv",
      primaryClass   = "hep-ex",
      reportNumber   = "CLICDP-PUB-2016-001",
      SLACcitation   = "%%CITATION = ARXIV:1608.07538;%%"
}

@article{Abramowicz:2018rjq,
      author         = "Abramowicz, H. and others",
      title          = "{Top-Quark Physics at the CLIC Electron-Positron Linear
                        Collider}",
      collaboration  = "CLICdp",
      year           = "2018",
      eprint         = "1807.02441",
      archivePrefix  = "arXiv",
      primaryClass   = "hep-ex",
      reportNumber   = "CLICdp-Pub-2018-003, CLICDP-PUB-2018-003",
      SLACcitation   = "%%CITATION = ARXIV:1807.02441;%%"
}

@article{Fujii:2017ekh,
      author         = "Fujii, Keisuke and others",
      title          = "{The Potential of the ILC for Discovering New Particles}",
      year           = "2017",
      eprint         = "1702.05333",
      archivePrefix  = "arXiv",
      primaryClass   = "hep-ph",
      reportNumber   = "DESY-17-012, KEK-PREPRINT-2016-60, SLAC-PUB-16916,
                        LAL-17-017, MPP-2017-5, IFT-UAM-CSIC-17-008",
      SLACcitation   = "%%CITATION = ARXIV:1702.05333;%%"
}

@article{Berggren:2013vfa,
      author         = "Berggren, Mikael and Brümmer, Felix and List, Jenny and
                        Moortgat-Pick, Gudrid and Robens, Tania and Rolbiecki,
                        Krzysztof and Sert, Hale",
      title          = "{Tackling light higgsinos at the ILC}",
      journal        = "Eur. Phys. J.",
      volume         = "C73",
      year           = "2013",
      number         = "12",
      pages          = "2660",
      doi            = "10.1140/epjc/s10052-013-2660-y",
      eprint         = "1307.3566",
      archivePrefix  = "arXiv",
      primaryClass   = "hep-ph",
      reportNumber   = "DESY-13-098",
      SLACcitation   = "%%CITATION = ARXIV:1307.3566;%%"
}

@article{Bartels:2012ex,
      author         = "Bartels, Christoph and Berggren, Mikael and List, Jenny",
      title          = "{Characterising WIMPs at a future $e^+e^-$ Linear
                        Collider}",
      journal        = "Eur. Phys. J.",
      volume         = "C72",
      year           = "2012",
      pages          = "2213",
      doi            = "10.1140/epjc/s10052-012-2213-9",
      eprint         = "1206.6639",
      archivePrefix  = "arXiv",
      primaryClass   = "hep-ex",
      reportNumber   = "DESY-12-117",
      SLACcitation   = "%%CITATION = ARXIV:1206.6639;%%"
}

@article{Barklow:2017awn,
      author         = "Barklow, Tim and Fujii, Keisuke and Jung, Sunghoon and
                        Peskin, Michael E. and Tian, Junping",
      title          = "{Model-Independent Determination of the Triple Higgs
                        Coupling at e+e- Colliders}",
      journal        = "Phys. Rev.",
      volume         = "D97",
      year           = "2018",
      number         = "5",
      pages          = "053004",
      doi            = "10.1103/PhysRevD.97.053004",
      eprint         = "1708.09079",
      archivePrefix  = "arXiv",
      primaryClass   = "hep-ph",
      reportNumber   = "KEK-PREPRINT-2017-23, SLAC-PUB-17130",
      SLACcitation   = "%%CITATION = ARXIV:1708.09079;%%"
}

@article{Yonamine:2011jg,
      author         = "Yonamine, Ryo and Ikematsu, Katsumasa and Tanabe,
                        Tomohiko and Fujii, Keisuke and Kiyo, Yuichiro and Sumino,
                        Yukinari and Yokoya, Hiroshi",
      title          = "{Measuring the top Yukawa coupling at the ILC at
                        $\sqrt{s}=500$ GeV}",
      journal        = "Phys. Rev.",
      volume         = "D84",
      year           = "2011",
      pages          = "014033",
      doi            = "10.1103/PhysRevD.84.014033",
      eprint         = "1104.5132",
      archivePrefix  = "arXiv",
      primaryClass   = "hep-ph",
      SLACcitation   = "%%CITATION = ARXIV:1104.5132;%%"
}


@phdthesis{Duerig:2016dvi,
      author         = "Dürig, Claude Fabienne",
      title          = "{Measuring the Higgs Self-coupling at the International
                        Linear Collider}",
      school         = "Hamburg U.",
      year           = "2016",
      address        = "Hamburg",
      url            = "http://bib-pubdb1.desy.de/search?cc=Publication+Database&of=hd&p=reportnumber:DESY-THESIS-2016-027",
      reportNumber   = "DESY-THESIS-2016-027",
      SLACcitation   = "%%CITATION = DESY-THESIS-2016-027;%%"
}

@article{DiVita:2017vrr,
      author         = "Di Vita, Stefano and Durieux, Gauthier and Grojean,
                        Christophe and Gu, Jiayin and Liu, Zhen and Panico,
                        Giuliano and Riembau, Marc and Vantalon, Thibaud",
      title          = "{A global view on the Higgs self-coupling at lepton
                        colliders}",
      journal        = "JHEP",
      volume         = "02",
      year           = "2018",
      pages          = "178",
      doi            = "10.1007/JHEP02(2018)178",
      eprint         = "1711.03978",
      archivePrefix  = "arXiv",
      primaryClass   = "hep-ph",
      reportNumber   = "DESY-17-131, FERMILAB-PUB-17-462-T",
      SLACcitation   = "%%CITATION = ARXIV:1711.03978;%%"
}

@article{Boselli:2018zxr,
      author         = "Boselli, Stefano and Hunter, Ross and Mitov, Alexander",
      title          = "{Prospects for the determination of the top-quark Yukawa
                        coupling at future $e^+e^-$ colliders}",
      year           = "2018",
      eprint         = "1805.12027",
      archivePrefix  = "arXiv",
      primaryClass   = "hep-ph",
      reportNumber   = "Cavendish-HEP-18/07, CAVENDISH-HEP-18-07",
      SLACcitation   = "%%CITATION = ARXIV:1805.12027;%%"
}

@article{Azatov:2016xik,
      author         = "Azatov, Aleksandr and Grojean, Christophe and Paul, Ayan
                        and Salvioni, Ennio",
      title          = "{Resolving gluon fusion loops at current and future
                        hadron colliders}",
      journal        = "JHEP",
      volume         = "09",
      year           = "2016",
      pages          = "123",
      doi            = "10.1007/JHEP09(2016)123",
      eprint         = "1608.00977",
      archivePrefix  = "arXiv",
      primaryClass   = "hep-ph",
      SLACcitation   = "%%CITATION = ARXIV:1608.00977;%%"
}

@article{Vryonidou:2018eyv,
      author         = "Vryonidou, Eleni and Zhang, Cen",
      title          = "{Dimension-six electroweak top-loop effects in Higgs
                        production and decay}",
      journal        = "JHEP",
      volume         = "08",
      year           = "2018",
      pages          = "036",
      doi            = "10.1007/JHEP08(2018)036",
      eprint         = "1804.09766",
      archivePrefix  = "arXiv",
      primaryClass   = "hep-ph",
      reportNumber   = "CERN-TH-2018-097",
      SLACcitation   = "%%CITATION = ARXIV:1804.09766;%%"
}


@article{Durieux:2018ggn,
      author         = "Durieux, Gauthier and Gu, Jiayin and Vryonidou, Eleni and
                        Zhang, Cen",
      title          = "{Probing top-quark couplings indirectly at Higgs
                        factories}",
      journal        = "Chin. Phys.",
      volume         = "C42",
      year           = "2018",
      number         = "12",
      pages          = "123107",
      doi            = "10.1088/1674-1137/42/12/123107",
      eprint         = "1809.03520",
      archivePrefix  = "arXiv",
      primaryClass   = "hep-ph",
      reportNumber   = "DESY-18-142, DESY 18-142, CERN-TH-2018-193, MITP/18-081",
      SLACcitation   = "%%CITATION = ARXIV:1809.03520;%%"
}

@inproceedings{Agashe:2013hma,
      author         = "Agashe, K. and others",
      title          = "{Working Group Report: Top Quark}",
      booktitle      = "{Proceedings, 2013 Community Summer Study on the Future
                        of U.S. Particle Physics: Snowmass on the Mississippi
                        (CSS2013): Minneapolis, MN, USA, July 29-August 6, 2013}",
      collaboration  = "Top Quark Working Group",
      url            = "http://www.slac.stanford.edu/econf/C1307292/docs/Top-21.pdf",
      year           = "2013",
      eprint         = "1311.2028",
      archivePrefix  = "arXiv",
      primaryClass   = "hep-ph",
      SLACcitation   = "%%CITATION = ARXIV:1311.2028;%%"
}

@article{Vos:2016til,
      author         = "Vos, M. and others",
      title          = "{Top physics at high-energy lepton colliders}",
      year           = "2016",
      eprint         = "1604.08122",
      archivePrefix  = "arXiv",
      primaryClass   = "hep-ex",
      reportNumber   = "DESY-16-038, IFIC-16-12",
      SLACcitation   = "%%CITATION = ARXIV:1604.08122;%%"
}

@article{Horiguchi:2013wra,
      author         = "Horiguchi, Tomohiro and Ishikawa, Akimasa and Suehara,
                        Taikan and Fujii, Keisuke and Sumino, Yukinari and Kiyo,
                        Yuichiro and Yamamoto, Hitoshi",
      title          = "{Study of top quark pair production near threshold at the
                        ILC}",
      year           = "2013",
      eprint         = "1310.0563",
      archivePrefix  = "arXiv",
      primaryClass   = "hep-ex",
      SLACcitation   = "%%CITATION = ARXIV:1310.0563;%%"
}


@article{Price:2014oca,
      author         = "Price, Tony and Roloff, Philipp and Strube, Jan and
                        Tanabe, Tomohiko",
      title          = "{Full simulation study of the top Yukawa coupling at the
                        ILC at $\sqrt{s}=$ 1 TeV}",
      journal        = "Eur. Phys. J.",
      volume         = "C75",
      year           = "2015",
      number         = "7",
      pages          = "309",
      doi            = "10.1140/epjc/s10052-015-3532-4",
      eprint         = "1409.7157",
      archivePrefix  = "arXiv",
      primaryClass   = "hep-ex",
      SLACcitation   = "%%CITATION = ARXIV:1409.7157;%%"
}



@article{Baak:2014ora,
      author         = "Baak, M. and Cúth, J. and Haller, J. and Hoecker, A. and
                        Kogler, R. and Mönig, K. and Schott, M. and Stelzer, J.",
      title          = "{The global electroweak fit at NNLO and prospects for the
                        LHC and ILC}",
      collaboration  = "Gfitter Group",
      journal        = "Eur. Phys. J.",
      volume         = "C74",
      year           = "2014",
      pages          = "3046",
      doi            = "10.1140/epjc/s10052-014-3046-5",
      eprint         = "1407.3792",
      archivePrefix  = "arXiv",
      primaryClass   = "hep-ph",
      reportNumber   = "DESY-14-124",
      SLACcitation   = "%%CITATION = ARXIV:1407.3792;%%"
}

@article{Degrassi:2012ry,
      author         = "Degrassi, Giuseppe and Di Vita, Stefano and Elias-Miro,
                        Joan and Espinosa, Jose R. and Giudice, Gian F. and
                        Isidori, Gino and Strumia, Alessandro",
      title          = "{Higgs mass and vacuum stability in the Standard Model at
                        NNLO}",
      journal        = "JHEP",
      volume         = "08",
      year           = "2012",
      pages          = "098",
      doi            = "10.1007/JHEP08(2012)098",
      eprint         = "1205.6497",
      archivePrefix  = "arXiv",
      primaryClass   = "hep-ph",
      reportNumber   = "CERN-PH-TH-2012-134, RM3-TH-12-9",
      SLACcitation   = "%%CITATION = ARXIV:1205.6497;%%"
}

@article{Gusken:1985nf,
      author         = "Gusken, S. and Kuhn, Johann H. and Zerwas, P. M.",
      title          = "{Threshold Behavior of Top Production in $e^+ e^-$
                        Annihilation}",
      journal        = "Phys. Lett.",
      volume         = "155B",
      year           = "1985",
      pages          = "185",
      doi            = "10.1016/0370-2693(85)90983-9",
      reportNumber   = "CERN-TH-4106/84",
      SLACcitation   = "%%CITATION = PHLTA,155B,185;%%"
}

@article{Strassler:1990nw,
      author         = "Strassler, Matthew J. and Peskin, Michael E.",
      title          = "{The Heavy top quark threshold: QCD and the Higgs}",
      journal        = "Phys. Rev.",
      volume         = "D43",
      year           = "1991",
      pages          = "1500-1514",
      doi            = "10.1103/PhysRevD.43.1500",
      reportNumber   = "SLAC-PUB-5308",
      SLACcitation   = "%%CITATION = PHRVA,D43,1500;%%"
}

@article{Beneke:2015kwa,
      author         = "Beneke, Martin and Kiyo, Yuichiro and Marquard, Peter and
                        Penin, Alexander and Piclum, Jan and Steinhauser,
                        Matthias",
      title          = "{Next-to-Next-to-Next-to-Leading Order QCD Prediction for
                        the Top Antitop $S$-Wave Pair Production Cross Section
                        Near Threshold in $e^+e^-$ Annihilation}",
      journal        = "Phys. Rev. Lett.",
      volume         = "115",
      year           = "2015",
      number         = "19",
      pages          = "192001",
      doi            = "10.1103/PhysRevLett.115.192001",
      eprint         = "1506.06864",
      archivePrefix  = "arXiv",
      primaryClass   = "hep-ph",
      reportNumber   = "ALBERTA-THY-12-15, DESY-15-100, SFB-CPP-14-127,
                        TTP15-021, TUM-HEP-1001-15",
      SLACcitation   = "%%CITATION = ARXIV:1506.06864;%%"
}


@article{Hoang:2013uda,
      author         = "Hoang, André H. and Stahlhofen, Maximilian",
      title          = "{The Top-Antitop Threshold at the ILC: NNLL QCD
                        Uncertainties}",
      journal        = "JHEP",
      volume         = "05",
      year           = "2014",
      pages          = "121",
      doi            = "10.1007/JHEP05(2014)121",
      eprint         = "1309.6323",
      archivePrefix  = "arXiv",
      primaryClass   = "hep-ph",
      reportNumber   = "UWTHPH-2013-23, DESY-13-168",
      SLACcitation   = "%%CITATION = ARXIV:1309.6323;%%"
}

@article{Bach:2017ggt,
      author         = "Bach, Fabian and Nejad, Bijan Chokoufé and Hoang, Andre
                        and Kilian, Wolfgang and Reuter, Jürgen and Stahlhofen,
                        Maximilian and Teubner, Thomas and Weiss, Christian",
      title          = "{Fully-differential Top-Pair Production at a Lepton
                        Collider: From Threshold to Continuum}",
      journal        = "JHEP",
      volume         = "03",
      year           = "2018",
      pages          = "184",
      doi            = "10.1007/JHEP03(2018)184",
      eprint         = "1712.02220",
      archivePrefix  = "arXiv",
      primaryClass   = "hep-ph",
      reportNumber   = "DESY-17-158, LTH-1143, MITP-17-077, SI-HEP-2017-20,
                        UWTHPH2017-35",
      SLACcitation   = "%%CITATION = ARXIV:1712.02220;%%"
}

@article{Martinez:2002st,
      author         = "Martinez, Manel and Miquel, Ramon",
      title          = "{Multiparameter fits to the t anti-t threshold
                        observables at a future e+ e- linear collider}",
      journal        = "Eur. Phys. J.",
      volume         = "C27",
      year           = "2003",
      pages          = "49-55",
      doi            = "10.1140/epjc/s2002-01094-1",
      eprint         = "hep-ph/0207315",
      archivePrefix  = "arXiv",
      primaryClass   = "hep-ph",
      SLACcitation   = "%%CITATION = HEP-PH/0207315;%%"
}

@article{Seidel:2013sqa,
      author         = "Seidel, Katja and Simon, Frank and Tesar, Michal and
                        Poss, Stephane",
      title          = "{Top quark mass measurements at and above threshold at
                        CLIC}",
      journal        = "Eur. Phys. J.",
      volume         = "C73",
      year           = "2013",
      number         = "8",
      pages          = "2530",
      doi            = "10.1140/epjc/s10052-013-2530-7",
      eprint         = "1303.3758",
      archivePrefix  = "arXiv",
      primaryClass   = "hep-ex",
      reportNumber   = "MPP-2013-85",
      SLACcitation   = "%%CITATION = ARXIV:1303.3758;%%"
}


@article{Simon:2016pwp,
      author         = "Simon, Frank",
      title          = "{Impact of Theory Uncertainties on the Precision of the
                        Top Quark Mass in a Threshold Scan at Future e+e-
                        Colliders}",
      booktitle      = "{Proceedings, 38th International Conference on High
                        Energy Physics (ICHEP 2016): Chicago, IL, USA, August
                        3-10, 2016}",
      journal        = "PoS",
      volume         = "ICHEP2016",
      year           = "2017",
      pages          = "872",
      doi            = "10.22323/1.282.0872",
      eprint         = "1611.03399",
      archivePrefix  = "arXiv",
      primaryClass   = "hep-ex",
      reportNumber   = "MPP-2016-325",
      SLACcitation   = "%%CITATION = ARXIV:1611.03399;%%"
}


@article{Richard:2014upa,
      author         = "Richard, Francois",
      title          = "{Present and future constraints on top EW couplings}",
      year           = "2014",
      eprint         = "1403.2893",
      archivePrefix  = "arXiv",
      primaryClass   = "hep-ph",
      reportNumber   = "LAL--ORSAY-14-55",
      SLACcitation   = "%%CITATION = ARXIV:1403.2893;%%"
}

@article{Barducci:2015kgo,
      author         = "Barducci, D. and De Curtis, S. and Moretti, S. and Pruna,
                        G. M.",
      title          = "{Composite Higgs models and $t\bar t$ production at
                        future $e^+e^-$ colliders}",
      booktitle      = "{Proceedings, Physics Prospects for Linear and other
                        Future Colliders after the Discovery of the Higgs (LFC15):
                        Trento, Italy, September 7-11, 2015}",
      journal        = "Frascati Phys. Ser.",
      volume         = "61",
      year           = "2016",
      pages          = "89",
      eprint         = "1512.04397",
      archivePrefix  = "arXiv",
      primaryClass   = "hep-ph",
      reportNumber   = "PSI-PR-15-11, LAPTH-CONF-067-15",
      SLACcitation   = "%%CITATION = ARXIV:1512.04397;%%"
}


@article{Amjad:2015mma,
      author         = "Amjad, M. S. and others",
      title          = "{A precise characterisation of the top quark electro-weak
                        vertices at the ILC}",
      journal        = "Eur. Phys. J.",
      volume         = "C75",
      year           = "2015",
      number         = "10",
      pages          = "512",
      doi            = "10.1140/epjc/s10052-015-3746-5",
      eprint         = "1505.06020",
      archivePrefix  = "arXiv",
      primaryClass   = "hep-ex",
      reportNumber   = "IFIC-15-15, LAL-15-111",
      SLACcitation   = "%%CITATION = ARXIV:1505.06020;%%"
}


@article{Bernreuther:2017cyi,
      author         = "Bernreuther, W. and Chen, L. and García, I. and
                        Perelló, M. and Poeschl, R. and Richard, F. and Ros, E.
                        and Vos, M.",
      title          = "{CP-violating top quark couplings at future linear
                        $e^+e^-$ colliders}",
      journal        = "Eur. Phys. J.",
      volume         = "C78",
      year           = "2018",
      number         = "2",
      pages          = "155",
      doi            = "10.1140/epjc/s10052-018-5625-3",
      eprint         = "1710.06737",
      archivePrefix  = "arXiv",
      primaryClass   = "hep-ex",
      reportNumber   = "TTK-17-17, IFIC-17-26, ILD-PHYS-2017-001,
                        CLICDP-PUB-2017-003",
      SLACcitation   = "%%CITATION = ARXIV:1710.06737;%%"
}


@article{Bilokin:2017lco,
      author         = "Bilokin, S. and Pöschl, R. and Richard, F.",
      title          = "{Measurement of b quark EW couplings at ILC}",
      year           = "2017",
      eprint         = "1709.04289",
      archivePrefix  = "arXiv",
      primaryClass   = "hep-ex",
      reportNumber   = "LAL-17-052",
      SLACcitation   = "%%CITATION = ARXIV:1709.04289;%%"
}

@article{Durieux:2018ekg,
      author         = "Durieux, Gauthier and Matsedonskyi, Oleksii",
      title          = "{The top-quark window on compositeness at future lepton
                        colliders}",
      year           = "2018",
      eprint         = "1807.10273",
      archivePrefix  = "arXiv",
      primaryClass   = "hep-ph",
      reportNumber   = "DESY 18-114, DESY-18-114",
      SLACcitation   = "%%CITATION = ARXIV:1807.10273;%%"
}

@phdthesis{Marchesini:2011aka,
      author         = "Marchesini, Ivan",
      title          = "{Triple gauge couplings and polarization at the ILC and
                        leakage in a highly granular calorimeter}",
      school         = "Hamburg U.",
      year           = "2011",
      url            = "http://www-library.desy.de/cgi-bin/showprep.pl?thesis11-044",
      reportNumber   = "DESY-THESIS-2011-044",
      SLACcitation   = "%%CITATION = DESY-THESIS-2011-044;%%"
}

@article{Rosca:2016hcq,
      author         = "Rosca, Aura",
      title          = "{Measurement of the charged triple gauge boson couplings
                        at the ILC}",
      booktitle      = "{Proceedings, 37th International Conference on High
                        Energy Physics (ICHEP 2014): Valencia, Spain, July 2-9,
                        2014}",
      journal        = "Nucl. Part. Phys. Proc.",
      volume         = "273-275",
      year           = "2016",
      pages          = "2226-2231",
      doi            = "10.1016/j.nuclphysbps.2015.09.362",
      SLACcitation   = "%%CITATION = INSPIR-1467642;%%"
}

@article{Fleper:2016frz,
      author         = "Fleper, Christian and Kilian, Wolfgang and Reuter, Jurgen
                        and Sekulla, Marco",
      title          = "{Scattering of W and Z Bosons at High-Energy Lepton
                        Colliders}",
      journal        = "Eur. Phys. J.",
      volume         = "C77",
      year           = "2017",
      number         = "2",
      pages          = "120",
      doi            = "10.1140/epjc/s10052-017-4656-5",
      eprint         = "1607.03030",
      archivePrefix  = "arXiv",
      primaryClass   = "hep-ph",
      reportNumber   = "DESY-16-098, SI-HEP-2016-21, KA-TP-11-2016",
      SLACcitation   = "%%CITATION = ARXIV:1607.03030;%%"
}

@article{Fujii:2017vwa,
      author         = "Fujii, Keisuke and others",
      title          = "{Physics Case for the 250 GeV Stage of the International
                        Linear Collider}",
      year           = "2017",
      eprint         = "1710.07621",
      archivePrefix  = "arXiv",
      primaryClass   = "hep-ex",
      reportNumber   = "DESY-17-155 / KEK Preprint 2017-31 / LAL 17-059 /
                        SLAC-PUB-17161, DESY-17-155, KEK-PREPRINT-2017-31,
                        LAL-17-059, SLAC-PUB-17161,
                        DESY-17-155---KEK-PREPRINT-2017-31---LAL-17-059---SLAC-PUB-17161",
      SLACcitation   = "%%CITATION = ARXIV:1710.07621;%%"
}

@article{deBlas:2018mhx,
      author         = "de Blas, J. and others",
      booktitle          = "{The CLIC Potential for New Physics}",
      year           = "2018",
      eprint         = "1812.02093",
      archivePrefix  = "arXiv",
      primaryClass   = "hep-ph",
      reportNumber   = "CERN-TH-2018-267, CERN-2018-009-M",
      SLACcitation   = "%%CITATION = ARXIV:1812.02093;%%"
}


@article{Roloff:2018dqu,
      author         = "Roloff, P. and Franceschini, R. and Schnoor, U. and
                        Wulzer, A.",
      title          = "{The Compact Linear e$^+$e$^-$ Collider (CLIC): Physics
                        Potential}",
      collaboration  = "CLIC, CLICdp",
      year           = "2018",
      eprint         = "1812.07986",
      archivePrefix  = "arXiv",
      primaryClass   = "hep-ex",
      SLACcitation   = "%%CITATION = ARXIV:1812.07986;%%"
}

@article{Robson:2018enq,
      author         = "Robson, A. and Burrows, P. N. and Catalan Lasheras, N.
                        and Linssen, L. and Petric, M. and Schulte, D. and
                        Sicking, E. and Stapnes, S. and Wuensch, W.",
      title          = "{The Compact Linear e$^+$e$^-$ Collider (CLIC):
                        Accelerator and Detector}",
      year           = "2018",
      eprint         = "1812.07987",
      archivePrefix  = "arXiv",
      primaryClass   = "physics.acc-ph",
      SLACcitation   = "%%CITATION = ARXIV:1812.07987;%%"
}

@article{Cros:2017jxp,
      author         = "Cros, Brigitte and Muggli, Patric",
      booktitle          = "{}Towards a Proposal for an Advanced Linear Collider:  Report on the Advanced and Novel Accelerators for High
                        Energy Physics Roadmap Workshop, CERN",
      year           = "2017",
      SLACcitation   = "%%CITATION = INSPIRE-1643957;%%"
}


@article{Cros:2019tns,
      author         = "Cros, Brigitte and Muggli, Patric",
      booktitle          = "ALEGRO input for the 2020 update of the European
                        Strategy",
      collaboration  = "ALEGRO",
      year           = "2019",
      eprint         = "1901.08436",
      archivePrefix  = "arXiv",
      primaryClass   = "physics.acc-ph",
      SLACcitation   = "%%CITATION = ARXIV:1901.08436;%%"
}

@article{Abramowicz:2016zbo,
      author         = "Abramowicz, H. and others",
      title          = "{Higgs physics at the CLIC electron–positron linear
                        collider}",
      journal        = "Eur. Phys. J.",
      volume         = "C77",
      year           = "2017",
      number         = "7",
      pages          = "475",
      doi            = "10.1140/epjc/s10052-017-4968-5",
      eprint         = "1608.07538",
      archivePrefix  = "arXiv",
      primaryClass   = "hep-ex",
      reportNumber   = "CLICDP-PUB-2016-001",
      SLACcitation   = "%%CITATION = ARXIV:1608.07538;%%"
}


@article{Robson:2018zje,
      author         = "Robson, Aidan and Roloff, Philipp",
      title          = "{Updated CLIC luminosity staging baseline and Higgs
                        coupling prospects}",
      year           = "2018",
      eprint         = "1812.01644",
      archivePrefix  = "arXiv",
      primaryClass   = "hep-ex",
      reportNumber   = "CLICdp-Note-2018-002",
      SLACcitation   = "%%CITATION = ARXIV:1812.01644;%%"
}

@article{Sakharov:1967dj,
      author         = "Sakharov, A. D.",
      title          = "{Violation of CP Invariance, C asymmetry, and baryon
                        asymmetry of the universe}",
      journal        = "Pisma Zh. Eksp. Teor. Fiz.",
      volume         = "5",
      year           = "1967",
      pages          = "32-35",
      doi            = "10.1070/PU1991v034n05ABEH002497",
      note           = "[Usp. Fiz. Nauk161,no.5,61(1991)]",
      SLACcitation   = "%%CITATION = ZFPRA,5,32;%%"
}

@article{Morrissey:2012db,
      author         = "Morrissey, David E. and Ramsey-Musolf, Michael J.",
      title          = "{Electroweak baryogenesis}",
      journal        = "New J. Phys.",
      volume         = "14",
      year           = "2012",
      pages          = "125003",
      doi            = "10.1088/1367-2630/14/12/125003",
      eprint         = "1206.2942",
      archivePrefix  = "arXiv",
      primaryClass   = "hep-ph",
      reportNumber   = "NPAC-12-08",
      SLACcitation   = "%%CITATION = ARXIV:1206.2942;%%"
}

@article{TianHHH,
   author = "Tian, Junping",
   year = 2013,
   booktitle = "www-flc.desy.de/lcnotes/notes/LC-REP-2013-003.pdf"
}





@article{Roloff:2019crr,
      author         = "Roloff, Philipp and Schnoor, Ulrike and Simoniello, Rosa
                        and Xu, Boruo",
      title          = "{Double Higgs boson production and Higgs self-coupling
                        extraction at CLIC}",
      year           = "2019",
      eprint         = "1901.05897",
      archivePrefix  = "arXiv",
      primaryClass   = "hep-ex",
      reportNumber   = "CLICdp-Note-2018-006",
      SLACcitation   = "%%CITATION = ARXIV:1901.05897;%%"
}

@article{McCullough:2013rea,
      author         = "McCullough, Matthew",
      title          = "{An Indirect Model-Dependent Probe of the Higgs
                        Self-Coupling}",
      journal        = "Phys. Rev.",
      volume         = "D90",
      year           = "2014",
      number         = "1",
      pages          = "015001",
      doi            = "10.1103/PhysRevD.90.015001, 10.1103/PhysRevD.92.039903",
      note           = "[Erratum: Phys. Rev.D92,no.3,039903(2015)]",
      eprint         = "1312.3322",
      archivePrefix  = "arXiv",
      primaryClass   = "hep-ph",
      reportNumber   = "MIT-CTP-4521",
      SLACcitation   = "%%CITATION = ARXIV:1312.3322;%%"
}

@article{Barklow:2017awn,
      author         = "Barklow, Tim and Fujii, Keisuke and Jung, Sunghoon and
                        Peskin, Michael E. and Tian, Junping",
      title          = "{Model-Independent Determination of the Triple Higgs
                        Coupling at e+e- Colliders}",
      journal        = "Phys. Rev.",
      volume         = "D97",
      year           = "2018",
      number         = "5",
      pages          = "053004",
      doi            = "10.1103/PhysRevD.97.053004",
      eprint         = "1708.09079",
      archivePrefix  = "arXiv",
      primaryClass   = "hep-ph",
      reportNumber   = "KEK-PREPRINT-2017-23, SLAC-PUB-17130",
      SLACcitation   = "%%CITATION = ARXIV:1708.09079;%%"
}

@article{DiVita:2017vrr,
      author         = "Di Vita, Stefano and Durieux, Gauthier and Grojean,
                        Christophe and Gu, Jiayin and Liu, Zhen and Panico,
                        Giuliano and Riembau, Marc and Vantalon, Thibaud",
      title          = "{A global view on the Higgs self-coupling at lepton
                        colliders}",
      journal        = "JHEP",
      volume         = "02",
      year           = "2018",
      pages          = "178",
      doi            = "10.1007/JHEP02(2018)178",
      eprint         = "1711.03978",
      archivePrefix  = "arXiv",
      primaryClass   = "hep-ph",
      reportNumber   = "DESY-17-131, FERMILAB-PUB-17-462-T",
      SLACcitation   = "%%CITATION = ARXIV:1711.03978;%%"
}



@inproceedings{Asner:2013psa,
      author         = "Asner, D. M. and others",
      title          = "{ILC Higgs White Paper}",
      booktitle      = "{Proceedings, 2013 Community Summer Study on the Future
                        of U.S. Particle Physics: Snowmass on the Mississippi
                        (CSS2013): Minneapolis, MN, USA, July 29-August 6, 2013}",
      url            = "http://www.slac.stanford.edu/econf/C1307292/docs/submittedArxivFiles/1310.0763.pdf",
      year           = "2013",
      eprint         = "1310.0763",
      archivePrefix  = "arXiv",
      primaryClass   = "hep-ph",
      SLACcitation   = "%%CITATION = ARXIV:1310.0763;%%"
}

@article{Han:1999xd,
      author         = "Han, Tao and Huang, T. and Lin, Z. H. and Wang, J. X. and
                        Zhang, X.",
      title          = "{e+ e- ---> t anti-t H with nonstandard Higgs boson
                        couplings}",
      journal        = "Phys. Rev.",
      volume         = "D61",
      year           = "2000",
      pages          = "015006",
      doi            = "10.1103/PhysRevD.61.015006",
      eprint         = "hep-ph/9908236",
      archivePrefix  = "arXiv",
      primaryClass   = "hep-ph",
      reportNumber   = "MADPH-99-1121, FERMILAB-PUB-99-221-T",
      SLACcitation   = "%%CITATION = HEP-PH/9908236;%%"
}

@article{Buras:2009if,
      author         = "Buras, Andrzej J.",
      title          = "{Flavour Theory: 2009}",
      booktitle      = "{Proceedings, Europhysics Conference on High energy
                        physics (EPS-HEP 2009): Cracow, Poland, July 16-22, 2009}",
      journal        = "PoS",
      volume         = "EPS-HEP2009",
      year           = "2009",
      pages          = "024",
      doi            = "10.22323/1.084.0024",
      eprint         = "0910.1032",
      archivePrefix  = "arXiv",
      primaryClass   = "hep-ph",
      SLACcitation   = "%%CITATION = ARXIV:0910.1032;%%"
}

@inproceedings{Langacker:1994vf,
      author         = "Langacker, Paul",
      title          = "{Grand unification and the standard model}",
      booktitle      = "{Proceedings, Tennessee International Symposium on
                        Radiative Corrections: Status and Outlook, Gatlinburg,
                        Tennessee  June 27 - July 1, 1994}",
      year           = "1994",
      pages          = "415-437",
      eprint         = "hep-ph/9411247",
      archivePrefix  = "arXiv",
      primaryClass   = "hep-ph",
      reportNumber   = "UPR-0639-T",
      SLACcitation   = "%%CITATION = HEP-PH/9411247;%%"
}

@article{Marquard:2015qpa,
      author         = "Marquard, Peter and Smirnov, Alexander V. and Smirnov,
                        Vladimir A. and Steinhauser, Matthias",
      title          = "{Quark Mass Relations to Four-Loop Order in Perturbative
                        QCD}",
      journal        = "Phys. Rev. Lett.",
      volume         = "114",
      year           = "2015",
      number         = "14",
      pages          = "142002",
      doi            = "10.1103/PhysRevLett.114.142002",
      eprint         = "1502.01030",
      archivePrefix  = "arXiv",
      primaryClass   = "hep-ph",
      reportNumber   = "DESY-15-013, TTP15-01, SFB-CPP-14-120",
      SLACcitation   = "%%CITATION = ARXIV:1502.01030;%%"
}