@article{Adolphsen:2013jya,
      author         = "Adolphsen, Chris and others ",
      title          = "{The International Linear Collider Technical Design
                        Report - Volume 3.I: Accelerator \& in the Technical
                        Design Phase}",
      year           = "2013",
      eprint         = "1306.6353",
      archivePrefix  = "arXiv",
      primaryClass   = "physics.acc-ph",
      reportNumber   = "ILC-REPORT-2013-040, ANL-HEP-TR-13-20,
                        BNL-100603-2013-IR, IRFU-13-59, CERN-ATS-2013-037,
                        COCKCROFT-13-10, CLNS-13-2085, DESY-13-062,
                        FERMILAB-TM-2554, IHEP-AC-ILC-2013-001, INFN-13-04-LNF,
                        JAI-2013-001, JINR-E9-2013-35, JLAB-R-2013-01,
                        KEK-REPORT-2013-1, KNU-CHEP-ILC-2013-1, LLNL-TR-635539,
                        SLAC-R-1004, ILC-HIGRADE-REPORT-2013-003",
      SLACcitation   = "%%CITATION = ARXIV:1306.6353;%%"
}

@article{Adolphsen:2013kya,
      author         = "Adolphsen, Chris and others ",
      title          = "{The International Linear Collider Technical Design
                        Report - Volume 3.II: Accelerator Baseline Design}",
      year           = "2013",
      eprint         = "1306.6328",
      archivePrefix  = "arXiv",
      primaryClass   = "physics.acc-ph",
      reportNumber   = "ILC-REPORT-2013-040, ANL-HEP-TR-13-20,
                        BNL-100603-2013-IR, IRFU-13-59, CERN-ATS-2013-037,
                        COCKCROFT-13-10, CLNS-13-2085, DESY-13-062,
                        FERMILAB-TM-2554, IHEP-AC-ILC-2013-001, INFN-13-04-LNF,
                        JAI-2013-001, JINR-E9-2013-35, JLAB-R-2013-01,
                        KEK-REPORT-2013-1, KNU-CHEP-ILC-2013-1, LLNL-TR-635539,
                        SLAC-R-1004, ILC-HIGRADE-REPORT-2013-003",
      SLACcitation   = "%%CITATION = ARXIV:1306.6328;%%"
}

@article{Alexander:2009nb,
      author         = "Alexander, G. and others",
      title          = "Undulator-Based Production of Polarized Positrons",
      journal        = "Nucl. Instrum. Meth.",
      volume         = "A610",
      year           = "2009",
      pages          = "451-487",
      doi            = "10.1016/j.nima.2009.07.091",
      eprint         = "0905.3066",
      archivePrefix  = "arXiv",
      primaryClass   = "physics.ins-det",
      reportNumber   = "SLAC-PUB-13605, DESY-09-061, IPPP-09-38, DCPT-09-76",
      SLACcitation   = "%%CITATION = ARXIV:0905.3066;%%"
}

@article{Alley:1995ia,
      author         = "Alley, R. and others",
      title          = "{The Stanford Linear Accelerator polarized electron
                        source}",
      journal        = "Nucl. Instrum. Meth.",
      volume         = "A365",
      year           = "1995",
      pages          = "1-27",
      doi            = "10.1016/0168-9002(95)00450-5",
      reportNumber   = "SLAC-PUB-6489, SLAC-PUB-95-6489",
      SLACcitation   = "%%CITATION = NUIMA,A365,1;%%"
}


@article{Evans:2017rvt,
      author         = "Evans, Lyn and Michizono, Shinichiro",
      title          = "{The International Linear Collider Machine Staging Report
                        2017}",
      collaboration  = "Linear Collider Collaboration",
      year           = "2017",
      eprint         = "1711.00568",
      archivePrefix  = "arXiv",
      primaryClass   = "physics.acc-ph",
      reportNumber   = "KEK-2017-3, DESY-17-180, CERN-ACC-2017-0097",
      SLACcitation   = "%%CITATION = ARXIV:1711.00568;%%"
}


@inproceedings{Zhao:2018lcl,
      author         = "Zhao, Zhentang and Wang, Dong and Yang, Zi-Hui and Yin,
                        Lixin",
      title          = "{SCLF: An 8-GeV CW SCRF Linac-Based X-Ray FEL Facility in
                        Shanghai}",
      booktitle      = "{Proceedings, 38th International Free Electron Laser
                        Conference, FEL2017}",
      year           = "2018",
      pages          = "182-184 (MOP055)",
      doi            = "10.18429/JACoW-FEL2017-MOP055",
      SLACcitation   = "%%CITATION = INSPIRE-1671648;%%"
}

@misc{bib:ttc,
  title = "{TESLA Technology Collaboration}",
  howpublished = "\url{http://tesla-new.desy.de/}"
}

@misc{bib:xfel,
  title = "{European XFEL}",
  howpublished = "\url{https://www.xfel.eu/}"
}

@misc{bib:lcls-ii,
  title = "{LCLS-II}: A World-Class Discovery Machine",
  howpublished = "\url{https://lcls.slac.stanford.edu/lcls-ii}"
}

@article{Singer:2016fbf,
      author         = "Singer, W. and others",
      title          = "{Production of superconducting 1.3-GHz cavities for the
                        European X-ray Free Electron Laser}",
      journal        = "Phys. Rev. Accel. Beams",
      volume         = "19",
      year           = "2016",
      number         = "9",
      pages          = "092001",
      doi            = "10.1103/PhysRevAccelBeams.19.092001",
      SLACcitation   = "%%CITATION = INSPIRE-1486170;%%"
}

@article{Reschke:2017gjp,
      author         = "Reschke, D. and others",
      title          = "{Performance in the vertical test of the 832 nine-cell
                        1.3 GHz cavities for the European X-ray Free Electron
                        Laser}",
      journal        = "Phys. Rev. Accel. Beams",
      volume         = "20",
      year           = "2017",
      pages          = "042004",
      doi            = "10.1103/PhysRevAccelBeams.20.042004",
      SLACcitation   = "%%CITATION = INSPIRE-1598539;%%"
}


@inproceedings{Kasprzak:2018kkr,
      author         = "Kasprzak, Karol and others",
      title          = "{Test Results of the European XFEL Serial-production
                        Accelerator Modules}",
      booktitle      = "{Proceedings, 18th International Conference on RF
                        Superconductivity (SRF2017): Lanzhou, China, July 17-21,
                        2017}",
      year           = "2018",
      pages          = "312-316 ({MOPB106})",
      doi            = "10.18429/JACoW-SRF2017-MOPB106",
      SLACcitation   = "%%CITATION = INSPIRE-1669425;%%"
}

@article{Grassellino:2017bod,
      author         = "Grassellino, A. and others",
      title          = "{Unprecedented quality factors at accelerating gradients
                        up to 45 MVm$^{?1}$ in niobium superconducting
                        resonators via low temperature nitrogen infusion}",
      journal        = "Supercond. Sci. Technol.",
      volume         = "30",
      year           = "2017",
      number         = "9",
      pages          = "094004",
      doi            = "10.1088/1361-6668/aa7afe",
      eprint         = "1701.06077",
      archivePrefix  = "arXiv",
      primaryClass   = "physics.acc-ph",
      reportNumber   = "FERMILAB-PUB-17-458-TD",
      SLACcitation   = "%%CITATION = ARXIV:1701.06077;%%"
}

@inproceedings{Kaabi:2013wna,
      author         = "Kaabi, Walid and others",
      title          = "{Power couplers for XFEL}",
      booktitle      = "{Proceedings, 4th International Particle Accelerator
                        Conference (IPAC 2013): Shanghai, China, May 12-17, 2013}",
      year           = "2013",
      url            = "http://JACoW.org/IPAC2013/papers/wepwo001.pdf",
      pages          = "2310-2312 (WEPWO001)",
      SLACcitation   = "%%CITATION = INSPIRE-1338840;%%"
}

@inproceedings{Sierra:2017wyc,
      author         = "Sierra, Serge and others",
      title          = "{Status and lesson learned from manufacturing of FPC
                        couplers for the XFEL program}",
      booktitle      = "{Proceedings, 28th International Linear Accelerator
                        Conference (LINAC16): East Lansing, Michigan, September
                        25-30, 2016}",
      year           = "2017",
      pages          = "572-574 (TUPLR048)",
      doi            = "10.18429/JACoW-LINAC2016-TUPLR048",
      SLACcitation   = "%%CITATION = INSPIRE-1633215;%%"
}

@misc{bib:s1g,
  author = "{S1Global collaboration}",
  title = "{S1Global report}",
  howpublished = "\url{https://edmsdirect.desy.de/item/D00000001005135}",
  year = "2012"
}

@inproceedings{Kemp:2011zz,
      author         = "Kemp, M. A. and others",
      title          = "{Final design of the SLAC P2 Marx klystron modulator}",
      booktitle      = "{Proceedings, 18th IEEE International Pulsed Power
                        Conference (PPC11): Chicago, Illinois, USA, June 19-23,
                        2011}",
      url            = "http://www-public.slac.stanford.edu/SciDoc/docMeta.aspx?slacPubNumber=slac-pub-14537",
      year           = "2011",
      pages          = "1582-1589",
      doi            = "10.1109/PPC.2011.6191686",
      reportNumber   = "SLAC-PUB-14537",
      SLACcitation   = "%%CITATION = SLAC-PUB-14537;%%"
}

@inproceedings{Gaudreau:2014pza,
      author         = "Gaudreau, Marcel P. J. and Silverman, Noah and Simpson,
                        Becky and Casey, Jeffrey",
      title          = "{ILC-class Marx modulator at KEK}",
      booktitle      = "{Proceedings, 5th International Particle Accelerator
                        Conference (IPAC 2014): Dresden, Germany, June 15-20,
                        2014}",
      year           = "2014",
      url            = "http://jacow.org/IPAC2014/papers/mopme082.pdf",
      pages          = "562-563 (MOPME082)",
      SLACcitation   = "%%CITATION = INSPIRE-1314133;%%"
}

@misc{PWG:2018a,
  author = "{Positron Working Group}",
  title = "{Report on the ILC positron source}",
  howpublished = "\url{https://edmsdirect.desy.de/item/D00000001165115}",
  year = "2018"
}

@misc{bib:cr-0010,
  author = "Nick Walker",
  title = "Change request ILC-CR-0010: Proposal to include bunch compressor sections into main linac accelerator system,",
  howpublished = "{\url{https://edmsdirect.desy.de/item/D00000001119175}}",
  year = "2015"
}

@misc{bib:cr-0012,
  author = "Ewan Paterson, V. Kuchler, N. Solyak and T. Sanami",
  title = "Change request ILC-CR-0012: Reduction of width of Linac Shield Wall and Tunnel Cross-Section",
  howpublished = "{\url{https://edmsdirect.desy.de/item/D00000001127835}}",
  year = "2015"
}

@misc{bib:cr-0013,
  author = "Kaoru Yokoya, Benno List and Ewan Paterson",
  title = "Change request ILC-CR-0013: Update of the ILC beam dump specifications",
  howpublished = "{\url{https://edmsdirect.desy.de/item/D00000001145035}}",
  year = "2016"
}


@misc{bib:cr-0014,
  author = "Hirotaka Nakai",
  title = "Change request ILC-CR-0014: Cryogenic layout",
  howpublished = "{\url{https://edmsdirect.desy.de/item/D00000001146525}}",
  year = "2016"
}


@misc{bib:cr-0016,
  author = "Kaoru Yokoya",
  title = "Change request ILC-CR-0016: Luminosity improvement at 250 {GeV,}",
  howpublished = "{\url{https://edmsdirect.desy.de/item/D00000001159725}}",
  year = "2017"
}

@inproceedings{Billing:2011zc,
      author         = "Billing, M. G. and others", 
      title          = "Status of Low Emittance Tuning at {CesrTA}",
      booktitle      = "{Particle accelerator. Proceedings, 24th Conference,
                        PAC'11, New York, USA, March 28-April 1, 2011}",
      year           = "2011",
      pages          = "1540-1542 (WEP022)",
      url            = "http://accelconf.web.cern.ch/AccelConf/PAC2011/papers/WEP022.PDF",
      pages          = "1540-1542 (WEP022)",
      SLACcitation   = "%%CITATION = CONFP,C110328,1540;%%"
}

@inproceedings{Naito:2010zzb,
      author         = "Naito, Takashi and others",
      title          = "Multi-bunch Beam Extraction using Strip-line Kicker at
                        {KEK-ATF}",
      booktitle      = "{Proceedings, 1st International Particle Accelerator
                        Conference (IPAC'10): Kyoto, Japan, May 23-28, 2010}",
      year           = "2010",
      pages          = "2386-2388 (WEOBMH02)",
      url            = "http://accelconf.web.cern.ch/AccelConf/IPAC10/papers/weobmh02.pdf",
      SLACcitation   = "%%CITATION = CONFP,C100523,WEOBMH02;%%"
}

@inproceedings{Conway:2012zza,
      author         = "Conway, J. V. and Li, Y. and Palmer, M. A.",
      title          = "The Conceptual Design of a Vacuum System for the ILC
                        Damping Rings Incorporating Electron Cloud Mitigation
                        Techniques",
      booktitle      = "{Proceedings, 3rd International Conference on Particle
                        accelerator (IPAC 2012): New Orleans, USA, May 2-25,
                        2012}",
      year           = "2012",
      pages          = "1960-1962 (TUPPR062)",
      url            = "http://accelconf.web.cern.ch/AccelConf/IPAC2012/papers/TUPPR062.PDF",
      SLACcitation   = "%%CITATION = CONFP,C1205201,1960;%%"
}


@inproceedings{Emma:1995kf,
      author         = "Emma, P. and Raubenheimer, T. and Zimmermann, F.",
      title          = "A Bunch compressor for the next linear collider",
      booktitle      = "{Proceedings, 16th Particle Accelerator Conference and
                        International Conference on High-Energy Accelerators,
                        HEACC 1995: Dallas, USA, May 1-5, 1995}",
      year           = "1996",
      pages          = "704-706 (RPC03)",
      reportNumber   = "SLAC-PUB-6787, SLAC-PUB-95-6787",
      url            = "http://accelconf.web.cern.ch/AccelConf/p95/ARTICLES/RPC/RPC03.PDF",
      SLACcitation   = "%%CITATION = CONFP,C950501,704;%%"
}

@inproceedings{Okugi:2017jji,
      author         = "Okugi, Toshiyuki",
      title          = "Achievement of Small Beam Size at {ATF2} Beamline",
      booktitle      = "{Proceedings, 28th International Linear Accelerator
                        Conference (LINAC16): East Lansing, Michigan, September
                        25-30, 2016}",
      year           = "2017",
      pages          = "27-31 (MO3A02)",
      doi            = "10.18429/JACoW-LINAC2016-MO3A02",
      SLACcitation   = "%%CITATION = INSPIRE-1633066;%%"
}

@misc{bib:sanuki:lcws2018,
      author         = "Tomoyuki Sanuki",
      title          = "Tunnel floor vibration issues",
      year           = "2018",
      howpublished   = "{Presentation at Asian Linear Collider Workshop (ALCW2018), Fukuoka, Japan, May 28 -- June 2, 2018. \url{https://agenda.linearcollider.org/event/7826/contributions/41496/attachments/33213/50725/180531.pdf}}",
      url            = "https://agenda.linearcollider.org/event/7826/contributions/41496/attachments/33213/50725/180531.pdf",
}

@misc{bib:atf2esu,
      author         = "Andrea Latina and Angeles Faus-Golfe",
      title          = "ATF2",
      howpublished   = "Input paper for European Strategy for Particle Physics Update",
      year           = "2018",
}      

@article{Grishanov:2005ek,
      author         = "Grishanov, Boris Ivanovich and others",
      title          = "{ATF2} Proposal",
      collaboration  = "ATF2",
      year           = "2005",
      reportNumber   = "SLAC-R-771, CERN-AB-2005-035, CLIC-NOTE-636, DESY-05-148,
                        ILC-ASIA-2005-22, JAI-2005-002, KEK-REPORT-2005-2,
                        UT-ICEPP-05-02",
      SLACcitation   = "%%CITATION = SLAC-R-771;%%"
}

@article{Grishanov:2006kx,
      author         = "Grishanov, B. I. and others",
      title          = "{ATF2} proposal, Vol. 2",
      year           = "2006",
      eprint         = "physics/0606194",
      archivePrefix  = "arXiv",
      primaryClass   = "physics",
      reportNumber   = "DESY-06-001, CERN-AB-2006-004, ILC-ASIA-2005-26,
                        JAI-2006-001, KEK-REPORT-2005-9, SLAC-R-796,
                        UT-ICEPP-05-04",
      SLACcitation   = "%%CITATION = PHYSICS/0606194;%%"
}

@article{White:2014vwa,
      author         = "White, G. R. and others",
      title          = "Experimental Validation of a Novel Compact Focusing
                        Scheme for Future Energy-Frontier Linear Lepton
                        Colliders",
      collaboration  = "ATF2",
      journal        = "Phys. Rev. Lett.",
      volume         = "112",
      year           = "2014",
      number         = "3",
      pages          = "034802",
      doi            = "10.1103/PhysRevLett.112.034802",
      SLACcitation   = "%%CITATION = PRLTA,112,034802;%%"
}

@inproceedings{Davis:2013dea,
      author         = "P. N. Burrows and others",
      title          = "Latest Performance Results from the {FONT5} Intra Train
                        Beam Position Feedback System at {ATF}",
      booktitle      = "{Proceedings, 4th International Particle Accelerator
                        Conference (IPAC 2013): Shanghai, China, May 12-17, 2013}",
      year           = "2013",
      url            = "http://JACoW.org/IPAC2013/papers/wepme053.pdf",
      pages          = "3049-3051 (WEPME053)",
      SLACcitation   = "%%CITATION = INSPIRE-1337235;%%"
}

