@PHDTHESIS{bib:PhDRobert,
      author       = {Karl, Robert},
      othercontributors = {List, Jenny and Moortgat-Pick, Gudrid},
      title        = {From the Machine-Detector Interface to Electroweak Precision Measurements at the ILC --- Beam Gas Backgrounds, Beam Polarization and Triple Gauge Couplings},
      school       = {Universität Hamburg},
      type         = {Dissertation in preparation},
      address      = {Hamburg},
      publisher    = {Verlag Deutsches Elektronen-Synchrotron},
      reportid     = {PUBDB-2019-XYZ, DESY-THESIS-2019-00X},
      series       = {DESY-THESIS},
      pages        = {N},
      year         = {2019},
      note         = {Dissertation, Universität Hamburg, 2019},
}

@PHDTHESIS{Habermehl:417605,
      author       = {Habermehl, Moritz},
      othercontributors = {List, Jenny and Horns, Dieter},
      title        = {{D}ark {M}atter at the {I}nternational {L}inear {C}ollider},
      school       = {Universität Hamburg},
      type         = {Dissertation},
      address      = {Hamburg},
      publisher    = {Verlag Deutsches Elektronen-Synchrotron},
      reportid     = {PUBDB-2018-05723, DESY-THESIS-2018-039},
      series       = {DESY-THESIS},
      pages        = {253},
      year         = {2018},
      note         = {Dissertation, Universität Hamburg, 2018},
      doi          = {10.3204/PUBDB-2018-05723},
      url          = {http://bib-pubdb1.desy.de/record/417605},
}

@article{Fujii:2018mli,
    author = "Fujii, Keisuke and others",
    reportNumber = "DESY-17-237, KEK-PREPRINT-2017-57, SLAC-PUB-17197",
    archivePrefix = "arXiv",
    eprint = "1801.02840",
    primaryClass = "hep-ph",
    title = "The role of positron polarization for the inital $250$ GeV stage of the International Linear Collider"
}

@inproceedings{Karl:2017let,
    author = "Karl, Robert",
    publisher = "SISSA",
    booktitle = "2017 European Physical Society Conference on High Energy Physics",
    volume = "EPS-HEP2017",
    pages = "763",
    doi = "10.22323/1.314.0763",
    title = "Prospects for Electroweak Precision Measurements and Triple Gauge Couplings at a Staged ILC",
    url = "https://pos.sissa.it/314/763/pdf",
    year = "2017"
}


@article{Durieux:2017rsg,
    author = "Durieux, Gauthier and Grojean, Christophe and Gu, Jiayin and Wang, Kechen",
    journal = "JHEP",
    volume = "09",
    reportNumber = "DESY-17-018",
    pages = "014",
    archivePrefix = "arXiv",
    doi = "10.1007/JHEP09(2017)014",
    eprint = "1704.02333",
    primaryClass = "hep-ph",
    title = "The leptonic future of the Higgs",
    year = "2017"
}

@techreport{Phinney:2007gp,
    editor = "Phinney, Nan and Toge, Nobukazu and Walker, Nicholas J.",
    author = "Aarons, Gerald and others",
    archivePrefix = "arXiv",
    eprint = "0712.2361",
    primaryClass = "physics.acc-ph",
    title = "ILC Reference Design Report Volume 3 - Accelerator"
}

@misc{bib:jeans_awlc17,
      author         = "Daniel Jeans",
      title          = "ILC Beam Paramaters at 250\,GeV: Implications for Physics and Detectors",
      howpublished   = "{\url{https://agenda.linearcollider.org/event/7507/contributions/39291/}}",
      year           = "presentation at AWLC 2017, SLAC",
}      


@article{MoortgatPick:2005cw,
      author         = "Moortgat-Pick, G. and others",
      title          = "{The Role of polarized positrons and electrons in
                        revealing fundamental interactions at the linear
                        collider}",
      journal        = "Phys. Rept.",
      volume         = "460",
      year           = "2008",
      pages          = "131-243",
      doi            = "10.1016/j.physrep.2007.12.003",
      eprint         = "hep-ph/0507011",
      archivePrefix  = "arXiv",
      primaryClass   = "hep-ph",
      reportNumber   = "CERN-PH-TH-2005-036, DCPT-04-100, DESY-05-059,
                        FERMILAB-PUB-05-060-T, IPPP-04-50, KEK-2005-16,
                        PRL-TH-05-01, SHEP-05-03, SLAC-PUB-11087",
      SLACcitation   = "%%CITATION = HEP-PH/0507011;%%"
}

@article{Moortgat-Picka:2015yla,
      author         = "Arbey, A. and others",
      editor         = "Moortgat-Pick, G. and Baer, H. and Battaglia, M. and
                        Belanger, G. and Fujii, K. and Kalinowski, J. and
                        Heinemeyer, S. and Kiyo, Y. and Olive, K. and Simon, F.
                        and others ",
      title          = "{Physics at the e+ e- Linear Collider}",
      journal        = "Eur. Phys. J.",
      volume         = "C75",
      year           = "2015",
      number         = "8",
      pages          = "371",
      doi            = "10.1140/epjc/s10052-015-3511-9",
      eprint         = "1504.01726",
      archivePrefix  = "arXiv",
      primaryClass   = "hep-ph",
      reportNumber   = "DESY-14-241, CERN-PH-TH-2015-042, FERMILAB-PUB-15-132-T",
      SLACcitation   = "%%CITATION = ARXIV:1504.01726;%%"
}

@inproceedings{Aurand:2009kp,
      author         = "Aurand, B. and others",
      title          = "{Beam Polarization at the ILC: The Physics Impact and the
                        Accelerator Solutions}",
      booktitle      = "{Linear colliders. Proceedings, International Linear
                        Collider Workshop, LCWS08, and International Linear
                        Collider Meeting, ILC08, Chicago, USA, Novermber 16-20,
                        2008}",
      url            = "http://www-public.slac.stanford.edu/sciDoc/docMeta.aspx?slacPubNumber=SLAC-PUB-14776",
      year           = "2009",
      eprint         = "0903.2959",
      archivePrefix  = "arXiv",
      primaryClass   = "physics.acc-ph",
      reportNumber   = "SLAC-PUB-14776, DESY-09-042",
      SLACcitation   = "%%CITATION = ARXIV:0903.2959;%%"
}

@article{Schael:2004tq,
    author = "Schael, S. and others",
    journal = "Phys.Lett.B",
    collaboration = "ALEPH",
    volume = "614",
    reportNumber = "CERN-PH-EP-2004-065",
    pages = "7--26",
    doi = "10.1016/j.physletb.2005.03.058",
    title = "Improved measurement of the triple gauge-boson couplings gamma W W and Z W W in e+ e- collisions",
    url = "http://weblib.cern.ch/abstract?CERN-PH-EP-2004-065",
    year = "2005"
}

@article{Aad:2014mda,
    author = "Aad, Georges and others",
    journal = "JHEP",
    collaboration = "ATLAS",
    volume = "01",
    reportNumber = "CERN-PH-EP-2014-244",
    pages = "049",
    archivePrefix = "arXiv",
    doi = "10.1007/JHEP01(2015)049",
    eprint = "1410.7238",
    primaryClass = "hep-ex",
    title = "Measurement of the $WW+WZ$ cross section and limits on anomalous triple gauge couplings using final states with one lepton, missing transverse momentum, and two jets with the ATLAS detector at $\sqrt{\rm{s}} = 7$ TeV",
    year = "2015"
}

@misc{bib:HLLHCMoenig,
      author         = "K.~Moenig",
      title          = "ATLAS \& CMS physics prospects for the high-luminosity LHC",
      howpublished   = "{\url{https://cds.cern.ch/record/1510150/files/ATL-PHYS-SLIDE-2013-042.pdf}}",
      year           = "presentation at CLIC Workshop 2013, CERN",
}      

@PHDTHESIS{Marchesini:94888,
      author       = {Marchesini, I.},
      title        = {{T}riple {G}auge {C}ouplings and {P}olarization at the
                      ${ILC}\\and$ {L}eakage in a {H}ighly {G}ranular
                      {C}alorimeter},
      journal      = {DESY Thesis},
      school       = {Hamburg University},
      type         = {Dr.},
      address      = {Hamburg},
      publisher    = {Deutsches Elektronen Synchrotron, DESY},
      reportid     = {PHPPUBDB-18012, DESY-THESIS-2011-044},
      year         = {2011},
      note         = {Hamburg University, Diss., 2011},
      keywords     = {Dissertation},
      url          = {http://bib-pubdb1.desy.de/record/94888},
}



@article{bib:TGC_EPS17,
	author =       "R. Karl",
	title =        "{Prospects for Electroweak Precision Measurements and Triple Gauge Couplings at a Staged ILC}",
	institution =  "University of Hamburg",
	year =         "2017",
	URL =          "{https://pos.sissa.it/314/763/}"
}

@inproceedings{Rosca:2016hcq,
    author = "Rosca, Aura",
    booktitle = "37th International Conference on High Energy Physics",
    volume = "273-275",
    address = "Valencia, Spain",
    pages = "2226--2231",
    doi = "10.1016/j.nuclphysbps.2015.09.362",
    title = "Measurement of the charged triple gauge boson couplings at the ILC",
    year = "2016",
    url =          "{http://dx.doi.org/10.1016/j.nuclphysbps.2015.09.362}"

}


@misc{bib:LEPTGC,
	author =       "{ALEPH, DELPHI, L3, OPAL, and the LEP TGC Working Group}",
	title =        "{A combination of results on
	charged triple gauge boson couplings measured by the LEP experiments}",
	reference =  "LEPEWWG/TGC/2005-01",
	year="2005"

}

@misc{bib:LHCTGC,
	author =       "{LHC collaborations}",
	title =        "{LHC limits on anomalous triple and quartic gauge couplings in comparison of the running
	experiments}",
	url =  "{https://twiki.cern.ch/twiki/bin/view/CMSPublic/PhysicsResultsSMPaTGC}",
	year="2018"
}

@article{Bilokin:2017lco,
    author = "Bilokin, S. and Pöschl, R. and Richard, F.",
    reportNumber = "LAL-17-052",
    archivePrefix = "arXiv",
    eprint = "1709.04289",
    primaryClass = "hep-ex",
    title = "Measurement of b quark EW couplings at ILC"
}

@article{Abe:2010aa,
    author = "Abe, Toshinori and others",
    collaboration = "Linear Collider ILD Concept Group -",
    reportNumber = "FERMILAB-LOI-2010-03, FERMILAB-PUB-09-682-E, DESY-09-87, KEK-REPORT-2009-6",
    archivePrefix = "arXiv",
    doi = "10.2172/975166",
    eprint = "1006.3396",
    primaryClass = "hep-ex",
    title = "The International Large Detector: Letter of Intent",
    url = "http://lss.fnal.gov/cgi-bin/find\_paper.pl?loi-2010-01"
}

@article{Diehl:1997ft,
    author = "Diehl, M. and Nachtmann, O.",
    journal = "Eur.Phys.J.C",
    volume = "1",
    reportNumber = "HD-THEP-97-03, CPTH-S494-0197, HD-THEP-97-03-AND-CPTH-S494-0197",
    pages = "177--190",
    archivePrefix = "arXiv",
    doi = "10.1007/BF01245807",
    eprint = "hep-ph/9702208",
    title = "Anomalous three gauge couplings in e+ e- ---> W+ W- and 'optimal' strategies for their measurement",
    year = "1998"
}

@article{Diehl:2002nj,
    author = "Diehl, Markus and Nachtmann, Otto and Nagel, Felix",
    journal = "Eur.Phys.J.C",
    volume = "27",
    reportNumber = "HD-THEP-02-34, LC-TH-2002-012",
    pages = "375--397",
    archivePrefix = "arXiv",
    doi = "10.1140/epjc/s2002-01096-y",
    eprint = "hep-ph/0209229",
    title = "Triple gauge couplings in polarized e- e+ ---> W- W+ and their measurement using optimal observables",
    year = "2003"
}

@inproceedings{Barklow:1995sk,
    author = "Barklow, T.L.",
    booktitle = "International Symposium on Vector Boson Self-interactions (WGZ95) (To be followed by Topics in Particle Physics with CMS, Los Angeles, CA, 6-8 Feb 1995)",
    volume = "350",
    reportNumber = "SLAC-REPRINT-1995-007",
    address = "Los Angeles, United States",
    pages = "307--322",
    doi = "10.1063/1.49314",
    title = "Studies of $W W \gamma$ and $W W Z$ couplings at future $e^+ e^-$ linear colliders",
    year = "1995"
}
@inproceedings{Wilson:2016tto,
    author = "Wilson, Graham W.",
    publisher = "SISSA",
    booktitle = "38th International Conference on High Energy Physics",
    volume = "ICHEP2016",
    address = "Chicago, United States",
    pages = "688",
    doi = "10.22323/1.282.0688",
    title = "Precision Electroweak Measurements at a Future $e^+e^-$ Linear Collider",
    url = "https://pos.sissa.it/archive/conferences/282/688/ICHEP2016\_688.pdf",
    year = "2016"
}

@inproceedings{Freitas:2013xga,
    author = "Freitas, A. and Hagiwara, K. and Heinemeyer, S. and Langacker, P. and Moenig, K. and Tanabashi, M. and Wilson, G.W.",
    booktitle = "Community Summer Study 2013",
    address = "Minneapolis, United States",
    archivePrefix = "arXiv",
    eprint = "1307.3962",
    primaryClass = "hep-ph",
    title = "Exploring Quantum Physics at the ILC",
    url = "http://www.slac.stanford.edu/econf/C1307292/docs/submittedArxivFiles/1307.3962.pdf"
}

@inproceedings{Asner:2013psa,
      author         = "Asner, D. M. and others",
      title          = "{ILC Higgs White Paper}",
      booktitle      = "{Proceedings, 2013 Community Summer Study on the Future
                        of U.S. Particle Physics: Snowmass on the Mississippi
                        (CSS2013): Minneapolis, MN, USA, July 29-August 6, 2013}",
      url            = "http://www.slac.stanford.edu/econf/C1307292/docs/submittedArxivFiles/1310.0763.pdf",
      year           = "2013",
      eprint         = "1310.0763",
      archivePrefix  = "arXiv",
      primaryClass   = "hep-ph",
      SLACcitation   = "%%CITATION = ARXIV:1310.0763;%%"
}

@inproceedings{Bozovic-Jelisavcic:2014aza,
      author         = "Bozovic-Jelisavcic, I. and Lukic, S. and Pandurovic, M.
                        and Smiljanic, I.",
      title          = "{Precision luminosity measurement at ILC}",
      booktitle      = "{International Workshop on Future Linear Colliders
                        (LCWS13) Tokyo, Japan, November 11-15, 2013}",
      year           = "2014",
      eprint         = "1403.7348",
      archivePrefix  = "arXiv",
      primaryClass   = "physics.acc-ph",
      SLACcitation   = "%%CITATION = ARXIV:1403.7348;%%"
}

@article{Abramowicz:2010bg,
      author         = "Abramowicz, H. and others",
      title          = "{Forward Instrumentation for ILC Detectors}",
      journal        = "JINST",
      volume         = "5",
      year           = "2010",
      pages          = "P12002",
      doi            = "10.1088/1748-0221/5/12/P12002",
      eprint         = "1009.2433",
      archivePrefix  = "arXiv",
      primaryClass   = "physics.ins-det",
      reportNumber   = "DESY-10-142",
      SLACcitation   = "%%CITATION = ARXIV:1009.2433;%%"
}

@article{Lukic:2013fw,
      author         = "Lukic, S., Bozovic-Jelisavcic, I.,  Pandurovic, M.
                        and Smiljanic, I."
      title          = "{Correction of beam-beam effects in luminosity
                        measurement in the forward region at CLIC}",
      journal        = "JINST",
      volume         = "8",
      year           = "2013",
      pages          = "P05008",
      doi            = "10.1088/1748-0221/8/05/P05008",
      eprint         = "1301.1449",
      archivePrefix  = "arXiv",
      primaryClass   = "physics.acc-ph",
      reportNumber   = "LCD-NOTE-2012-008",
      SLACcitation   = "%%CITATION = ARXIV:1301.1449;%%"
}

@article{Vormwald:2015hla,
      author         = "Vormwald, B. and List, Jenny and Vauth, Annika",
      title          = "{A calibration system for Compton polarimetry at $e^+e^-$
                        linear colliders}",
      journal        = "JINST",
      volume         = "11",
      year           = "2016",
      number         = "01",
      pages          = "P01014",
      doi            = "10.1088/1748-0221/11/01/P01014",
      eprint         = "1509.03178",
      archivePrefix  = "arXiv",
      primaryClass   = "physics.ins-det",
      reportNumber   = "DESY-15-170",
      SLACcitation   = "%%CITATION = ARXIV:1509.03178;%%"
}

@article{List:2015lsa,
      author         = "List, Jenny and Vauth, Annika and Vormwald, Benedikt",
      title          = "{A Quartz Cherenkov Detector for Compton-Polarimetry at
                        Future $e^+e^-$ Colliders}",
      journal        = "JINST",
      volume         = "10",
      year           = "2015",
      number         = "05",
      pages          = "P05014",
      doi            = "10.1088/1748-0221/10/05/P05014",
      eprint         = "1502.06955",
      archivePrefix  = "arXiv",
      primaryClass   = "physics.ins-det",
      reportNumber   = "DESY-15-028",
      SLACcitation   = "%%CITATION = ARXIV:1502.06955;%%"
}

@article{Beckmann:2014mka,
      author         = "Beckmann, Moritz and List, Jenny and Vauth, Annika and
                        Vormwald, Benedikt",
      title          = "{Spin Transport and Polarimetry in the Beam Delivery
                        System of the International Linear Collider}",
      journal        = "JINST",
      volume         = "9",
      year           = "2014",
      pages          = "P07003",
      doi            = "10.1088/1748-0221/9/07/P07003",
      eprint         = "1405.2156",
      archivePrefix  = "arXiv",
      primaryClass   = "physics.acc-ph",
      reportNumber   = "DESY-14-071",
      SLACcitation   = "%%CITATION = ARXIV:1405.2156;%%"
}

@inproceedings{Wilson:2016hne,
      author         = "Wilson, Graham W.",
      title          = "{Updated Study of a Precision Measurement of the W Mass
                        from a Threshold Scan Using Polarized $\rm{e}^-$ and
                        $\rm{e}^+$ at ILC}",
      booktitle      = "{Proceedings, International Workshop on Future Linear
                        Colliders (LCWS15): Whistler, B.C., Canada, November
                        02-06, 2015}",
      year           = "2016",
      eprint         = "1603.06016",
      archivePrefix  = "arXiv",
      primaryClass   = "hep-ex",
      SLACcitation   = "%%CITATION = ARXIV:1603.06016;%%"
}

@inproceedings{Yamashiro:2018ant,
      author         = "Yamashiro, Hiroaki and Kawagoe, Kiyotomo and Suehara,
                        Taikan and Yoshioka, Tamaki and Fujii, Keisuke and
                        Miyamoto, Akiya",
      title          = "{Study of fermion pair productions at the ILC with
                        center-of-mass energy of 250 GeV}",
      booktitle      = "{International Workshop on Future Linear Collider
                        (LCWS2017) Strasbourg, France, October 23-27, 2017}",
      year           = "2018",
      eprint         = "1801.04671",
      archivePrefix  = "arXiv",
      primaryClass   = "hep-ex",
      SLACcitation   = "%%CITATION = ARXIV:1801.04671;%%"
}

@misc{bib:deguchi_lcws18,
      author         = "Yuto Deguchi",
      title          = "Study of fermion pairproduction events at the ILC with center of mass energy of 250 GeV",
      howpublished   = "{\url{https://agenda.linearcollider.org/event/7889/contributions/42502/}}",
      year           = "presentation at LCWS 2018, University of Texas, Arlington, USA",
}      

@misc{bib:ueno_lcws18,
      author         = "Takayuki Ueno",
      title          = "Measurement of the Left-Right Asymmetry in $e^+e^- \to \gamma Z$ at the 250 GeV ILC",
      howpublished   = "{\url{https://agenda.linearcollider.org/event/7889/contributions/42503/}}",
      year           = "presentation at LCWS 2018, University of Texas, Arlington, USA",
}      

@article{Blondel:1987wr,
      author         = "Blondel, Alain",
      title          = "{A Scheme to Measure the Polarization Asymmetry at the
                        $Z$ Pole in {LEP}}",
      journal        = "Phys. Lett.",
      volume         = "B202",
      year           = "1988",
      pages          = "145",
      doi            = "10.1016/0370-2693(88)90869-6",
      note           = "[Erratum: Phys. Lett.208,531(1988)]",
      reportNumber   = "CERN-EP/87-228",
      SLACcitation   = "%%CITATION = PHLTA,B202,145;%%"
}

@article{Monig:2001db,
      author         = "Monig, Klaus",
      title          = "{Polarization measurement using annihilation data at a
                        linear collider}",
      booktitle      = "{Proceedings, APS / DPF / DPB Summer Study on the Future
                        of Particle Physics (Snowmass 2001), Snowmass, Colorado,
                        30 Jun - 21 Jul 2001}",
      journal        = "eConf",
      volume         = "C010630",
      year           = "2001",
      pages          = "E3009",
      reportNumber   = "SNOWMASS-2001-E3009",
      SLACcitation   = "%%CITATION = ECONF,C010630,E3009;%%"
}
