
@article{Bartels:2012ex,
      author         = "Bartels, Christoph and Berggren, Mikael and List, Jenny",
      title          = "{Characterising WIMPs at a future $e^+e^-$ Linear
                        Collider}",
      journal        = "Eur. Phys. J.",
      volume         = "C72",
      year           = "2012",
      pages          = "2213",
      doi            = "10.1140/epjc/s10052-012-2213-9",
      eprint         = "1206.6639",
      archivePrefix  = "arXiv",
      primaryClass   = "hep-ex",
      reportNumber   = "DESY-12-117",
      SLACcitation   = "%%CITATION = ARXIV:1206.6639;%%"
}
@article{Baltz:2006fm,
      author         = "Baltz, Edward A. and Battaglia, Marco and Peskin, Michael
                        E. and Wizansky, Tommer",
      title          = "{Determination of dark matter properties at high-energy
                        colliders}",
      journal        = "Phys. Rev.",
      volume         = "D74",
      year           = "2006",
      pages          = "103521",
      doi            = "10.1103/PhysRevD.74.103521",
      eprint         = "hep-ph/0602187",
      archivePrefix  = "arXiv",
      primaryClass   = "hep-ph",
      reportNumber   = "SLAC-PUB-11687, LBNL-59634",
      SLACcitation   = "%%CITATION = HEP-PH/0602187;%%"
}
%%% contains utf-8, see: http://inspirehep.net/info/faq/general#utf8
%%% add \usepackage[utf8]{inputenc} to your latex preamble

@article{Berggren:2015qua,
      author         = "Berggren, M. and Cakir, A. and Kr√ºcker, D. and List, J.
                        and Melzer-Pellmann, I. A. and Safarzadeh Samani, B. and
                        Seitz, C. and Wayand, S.",
      title          = "{Non-simplified SUSY: $\widetilde{\tau }$ -coannihilation
                        at LHC and ILC}",
      journal        = "Eur. Phys. J.",
      volume         = "C76",
      year           = "2016",
      number         = "4",
      pages          = "183",
      doi            = "10.1140/epjc/s10052-016-3914-2",
      eprint         = "1508.04383",
      archivePrefix  = "arXiv",
      primaryClass   = "hep-ph",
      reportNumber   = "DESY-15-145",
      SLACcitation   = "%%CITATION = ARXIV:1508.04383;%%"
}
@article{Bechtle:2009em,
      author         = "Bechtle, Philip and Berggren, Mikael and List, Jenny and
                        Schade, Peter and Stempel, Olga",
      title          = "{Prospects for the study of the $\tilde{\tau}$-system in
                        SPS1a' at the ILC}",
      journal        = "Phys. Rev.",
      volume         = "D82",
      year           = "2010",
      pages          = "055016",
      doi            = "10.1103/PhysRevD.82.055016",
      eprint         = "0908.0876",
      archivePrefix  = "arXiv",
      primaryClass   = "hep-ex",
      reportNumber   = "DESY-09-124",
      SLACcitation   = "%%CITATION = ARXIV:0908.0876;%%"
}

@inproceedings{Berggren:2013vna,
      author         = "Berggren, Mikael",
      title          = "{Simplified SUSY at the ILC}",
      booktitle      = "{Proceedings, 2013 Community Summer Study on the Future
                        of U.S. Particle Physics: Snowmass on the Mississippi
                        (CSS2013): Minneapolis, MN, USA, July 29-August 6, 2013}",
      year           = "2013",
      eprint         = "1308.1461",
      archivePrefix  = "arXiv",
      primaryClass   = "hep-ph",
      reportNumber   = "DESY-13-136",
      SLACcitation   = "%%CITATION = ARXIV:1308.1461;%%"
}
@article{Aad:2014vma,
      author         = "Aad, Georges and others",
      title          = "{Search for direct production of charginos, neutralinos
                        and sleptons in final states with two leptons and missing
                        transverse momentum in $pp$ collisions at $\sqrt{s} =$ 8
                        TeV with the ATLAS detector}",
      collaboration  = "ATLAS",
      journal        = "JHEP",
      volume         = "05",
      year           = "2014",
      pages          = "071",
      doi            = "10.1007/JHEP05(2014)071",
      eprint         = "1403.5294",
      archivePrefix  = "arXiv",
      primaryClass   = "hep-ex",
      reportNumber   = "CERN-PH-EP-2014-037",
      SLACcitation   = "%%CITATION = ARXIV:1403.5294;%%"
}
%%% contains utf-8, see: http://inspirehep.net/info/faq/general#utf8
%%% add \usepackage[utf8]{inputenc} to your latex preamble

@article{Berggren:2013vfa,
      author         = "Berggren, Mikael and Br{\"u}mmer, Felix and List, Jenny and
                        Moortgat-Pick, Gudrid and Robens, Tania and Rolbiecki,
                        Krzysztof and Sert, Hale",
      title          = "{Tackling light higgsinos at the ILC}",
      journal        = "Eur. Phys. J.",
      volume         = "C73",
      year           = "2013",
      number         = "12",
      pages          = "2660",
      doi            = "10.1140/epjc/s10052-013-2660-y",
      eprint         = "1307.3566",
      archivePrefix  = "arXiv",
      primaryClass   = "hep-ph",
      reportNumber   = "DESY-13-098",
      SLACcitation   = "%%CITATION = ARXIV:1307.3566;%%"
}
@article{Baer:2016new,
      author         = "Baer, Howard and Berggren, Mikael and Fujii, Keisuke and
                        Lehtinen, Suvi-Leena and List, Jenny and Tanabe, Tomohiko
                        and Yan, Jacqueline",
      title          = "{Naturalness and light higgsinos: A powerful reason to
                        build the ILC}",
      booktitle      = "{Proceedings, 38th International Conference on High
                        Energy Physics (ICHEP 2016): Chicago, IL, USA, August
                        3-10, 2016}",
      journal        = "PoS",
      volume         = "ICHEP2016",
      year           = "2016",
      pages          = "156",
      doi            = "10.22323/1.282.0156",
      eprint         = "1611.02846",
      archivePrefix  = "arXiv",
      primaryClass   = "hep-ph",
      SLACcitation   = "%%CITATION = ARXIV:1611.02846;%%"
}
@article{Bae:2014yta,
      author         = "Bae, Kyu Jung and Baer, Howard and Serce, Hasan",
      title          = "{Natural little hierarchy for SUSY from radiative
                        breaking of the Peccei-Quinn symmetry}",
      journal        = "Phys. Rev.",
      volume         = "D91",
      year           = "2015",
      number         = "1",
      pages          = "015003",
      doi            = "10.1103/PhysRevD.91.015003",
      eprint         = "1410.7500",
      archivePrefix  = "arXiv",
      primaryClass   = "hep-ph",
      reportNumber   = "FTPI-MINN-14-36",
      SLACcitation   = "%%CITATION = ARXIV:1410.7500;%%"
}
@article{Heister:2002mn,
      author         = "Heister, A. and others",
      title          = "{Search for charginos nearly mass degenerate with the
                        lightest neutralino in e+ e- collisions at center-of-mass
                        energies up to 209-GeV}",
      collaboration  = "ALEPH",
      journal        = "Phys. Lett.",
      volume         = "B533",
      year           = "2002",
      pages          = "223-236",
      doi            = "10.1016/S0370-2693(02)01584-8",
      eprint         = "hep-ex/0203020",
      archivePrefix  = "arXiv",
      primaryClass   = "hep-ex",
      reportNumber   = "CERN-EP-2002-020",
      SLACcitation   = "%%CITATION = HEP-EX/0203020;%%"
}
@article{Heister:2001nk,
      author         = "Heister, A. and others",
      title          = "{Search for scalar leptons in e+ e- collisions at
                        center-of-mass energies up to 209-GeV}",
      collaboration  = "ALEPH",
      journal        = "Phys. Lett.",
      volume         = "B526",
      year           = "2002",
      pages          = "206-220",
      doi            = "10.1016/S0370-2693(01)01494-0",
      eprint         = "hep-ex/0112011",
      archivePrefix  = "arXiv",
      primaryClass   = "hep-ex",
      reportNumber   = "CERN-EP-2001-086",
      SLACcitation   = "%%CITATION = HEP-EX/0112011;%%"
}
@article{Achard:2003ge,
      author         = "Achard, P. and others",
      title          = "{Search for scalar leptons and scalar quarks at LEP}",
      collaboration  = "L3",
      journal        = "Phys. Lett.",
      volume         = "B580",
      year           = "2004",
      pages          = "37-49",
      doi            = "10.1016/j.physletb.2003.10.010",
      eprint         = "hep-ex/0310007",
      archivePrefix  = "arXiv",
      primaryClass   = "hep-ex",
      reportNumber   = "CERN-EP-2003-059",
      SLACcitation   = "%%CITATION = HEP-EX/0310007;%%"
}
@article{Abbiendi:2003ji,
      author         = "Abbiendi, G. and others",
      title          = "{Search for anomalous production of dilepton events with
                        missing transverse momentum in e+ e- collisions at
                        s**(1/2) = 183-Gev to 209-GeV}",
      collaboration  = "OPAL",
      journal        = "Eur. Phys. J.",
      volume         = "C32",
      year           = "2004",
      pages          = "453-473",
      doi            = "10.1140/epjc/s2003-01466-y",
      eprint         = "hep-ex/0309014",
      archivePrefix  = "arXiv",
      primaryClass   = "hep-ex",
      reportNumber   = "CERN-EP-2003-040",
      SLACcitation   = "%%CITATION = HEP-EX/0309014;%%"
}
@article{Heister:2002hp,
      author         = "Heister, A. and others",
      title          = "{Search for scalar quarks in $e^{+} e^{-}$ collisions at
                        $\sqrt{s}$ up to 209-GeV}",
      collaboration  = "ALEPH",
      journal        = "Phys. Lett.",
      volume         = "B537",
      year           = "2002",
      pages          = "5-20",
      doi            = "10.1016/S0370-2693(02)01827-0",
      eprint         = "hep-ex/0204036",
      archivePrefix  = "arXiv",
      primaryClass   = "hep-ex",
      reportNumber   = "CERN-EP-2002-026",
      SLACcitation   = "%%CITATION = HEP-EX/0204036;%%"
}
@article{Abbiendi:2002mp,
      author         = "Abbiendi, G. and others",
      title          = "{Search for scalar top and scalar bottom quarks at LEP}",
      collaboration  = "OPAL",
      journal        = "Phys. Lett.",
      volume         = "B545",
      year           = "2002",
      pages          = "272-284",
      doi            = "10.1016/S0370-2693(02)02808-3,
                        10.1016/S0370-2693(02)02593-5",
      note           = "[Erratum: Phys. Lett.B548,258(2002)]",
      eprint         = "hep-ex/0209026",
      archivePrefix  = "arXiv",
      primaryClass   = "hep-ex",
      reportNumber   = "CERN-EP-2002-050",
      SLACcitation   = "%%CITATION = HEP-EX/0209026;%%"
}
@article{Abbiendi:2003sc,
      author         = "Abbiendi, G. and others",
      title          = "{Search for chargino and neutralino production at
                        s**(1/2) = 192-GeV to 209 GeV at LEP}",
      collaboration  = "OPAL",
      journal        = "Eur. Phys. J.",
      volume         = "C35",
      year           = "2004",
      pages          = "1-20",
      doi            = "10.1140/epjc/s2004-01758-8",
      eprint         = "hep-ex/0401026",
      archivePrefix  = "arXiv",
      primaryClass   = "hep-ex",
      reportNumber   = "CERN-EP-2003-090",
      SLACcitation   = "%%CITATION = HEP-EX/0401026;%%"
}
@article{Acciarri:1999km,
      author         = "Acciarri, M. and others",
      title          = "{Search for charginos and neutralinos in $e^{+} e^{-}$
                        collisions at $\sqrt{S}$ = 189-GeV}",
      collaboration  = "L3",
      journal        = "Phys. Lett.",
      volume         = "B472",
      year           = "2000",
      pages          = "420-433",
      doi            = "10.1016/S0370-2693(99)01388-X",
      eprint         = "hep-ex/9910007",
      archivePrefix  = "arXiv",
      primaryClass   = "hep-ex",
      reportNumber   = "CERN-EP-99-127",
      SLACcitation   = "%%CITATION = HEP-EX/9910007;%%"
}
@article{Abdallah:2003xe,
      author         = "Abdallah, J. and others",
      title          = "{Searches for supersymmetric particles in e+ e-
                        collisions up to 208-GeV and interpretation of the results
                        within the MSSM}",
      collaboration  = "DELPHI",
      journal        = "Eur. Phys. J.",
      volume         = "C31",
      year           = "2003",
      pages          = "421-479",
      doi            = "10.1140/epjc/s2003-01355-5",
      eprint         = "hep-ex/0311019",
      archivePrefix  = "arXiv",
      primaryClass   = "hep-ex",
      reportNumber   = "CERN-EP-2003-007",
      SLACcitation   = "%%CITATION = HEP-EX/0311019;%%"
}
@article{Abbiendi:2002vz,
      author         = "Abbiendi, G. and others",
      title          = "{Search for nearly mass degenerate charginos and
                        neutralinos at LEP}",
      collaboration  = "OPAL",
      journal        = "Eur. Phys. J.",
      volume         = "C29",
      year           = "2003",
      pages          = "479-489",
      doi            = "10.1140/epjc/s2003-01237-x",
      eprint         = "hep-ex/0210043",
      archivePrefix  = "arXiv",
      primaryClass   = "hep-ex",
      reportNumber   = "CERN-EP-2002-063",
      SLACcitation   = "%%CITATION = HEP-EX/0210043;%%"
}
% \cite{LEPSUSYWG/01-03.1}
@techreport{LEPSUSYWG/01-03.1,
    collaboration = {LEP SUSY Working Group, ALEPH, DELPHI, L$3$ and OPAL Collaborations},
    title = {Combined LEP Chargino Results, up to $208$ GeV for large $m_0$},
    number = {LEPSUSYWG/01-03.1},
    url = {http://lepsusy.web.cern.ch/lepsusy/www/inos_moriond01/charginos_pub.html},
}

% \cite{LEPSUSYWG/02-04.1}
@techreport{LEPSUSYWG/02-04.1,
    collaboration = {LEP SUSY Working Group, ALEPH, DELPHI, L$3$ and OPAL Collaborations},
    title = {Combined LEP Chargino Results, up to $208$ GeV for low DM},
    number = {LEPSUSYWG/02-04.1},
    url = {http://lepsusy.web.cern.ch/lepsusy/www/inoslowdmsummer02/charginolowdm_pub.html},
}

% \cite{LEPSUSYWG/04-01.1}
@techreport{LEPSUSYWG/04-01.1,
    collaboration = {LEP SUSY Working Group, ALEPH, DELPHI, L$3$ and OPAL Collaborations},
    title = {Combined LEP Selectron/Smuon/Stau Results, $183$-$208$ GeV},
    number = {LEPSUSYWG/04-01.1},
    url = {http://lepsusy.web.cern.ch/lepsusy/www/sleptons_summer04/slep_final.html},
}

% \cite{LEPSUSYWG/04-02.1}
@techreport{LEPSUSYWG/04-02.1,
    collaboration = {LEP SUSY Working Group, ALEPH, DELPHI, L$3$ and OPAL Collaborations},
    title = {Combined LEP stop and sbottom Results $183$-$208$ GeV},
    number = {LEPSUSYWG/04-02.1},
    url = {http://lepsusy.web.cern.ch/lepsusy/www/squarks_summer04/stop_combi_208_final.html},
}
% @Set{lepsusywg,
%   entryset     = {LEPSUSYWG/01-03.1,LEPSUSYWG/02-04.1,LEPSUSYWG/04-01.1,LEPSUSYWG/04-02.1},
% }
@article{Fujii:2017ekh,
      author         = "Fujii, Keisuke and others",
      title          = "{The Potential of the ILC for Discovering New Particles}",
      year           = "2017",
      eprint         = "1702.05333",
      archivePrefix  = "arXiv",
      primaryClass   = "hep-ph",
      reportNumber   = "DESY-17-012, KEK-PREPRINT-2016-60, SLAC-PUB-16916,
                        LAL-17-017, MPP-2017-5, IFT-UAM-CSIC-17-008",
      SLACcitation   = "%%CITATION = ARXIV:1702.05333;%%"
}
@PHDTHESIS{Caiazza:416980,
      author       = {Caiazza, Stefano},
      othercontributors = {Behnke, Ties and List, Jenny and Garutti, Erika},
      title        = {{T}he {G}rid{GEM} module for the {ILD} {TPC} $\&$ {A} new
                      algorithm for kinematic edge determination},
      school       = {Universit√§t Hamburg},
      type         = {Dissertation},
      address      = {Hamburg},
      publisher    = {Verlag Deutsches Elektronen-Synchrotron},
      reportid     = {PUBDB-2018-05289, DESY-THESIS-18-037},
      series       = {DESY-THESIS},
      pages        = {283},
      year         = {2018},
      note         = {Dissertation, Universit√§t Hamburg, 2018},
      cin          = {FLC},
      cid          = {I:(DE-H253)FLC-20120731},
      pnm          = {611 - Fundamental Particles and Forces (POF3-611) / 632 -
                      Detector technology and systems (POF3-632) / SFB 676-B01 -
                      Optimising the ILC setup: Physics programme, running
                      scenarios and design choices (DFG-SFB-676)},
      pid          = {G:(DE-HGF)POF3-611 / G:(DE-HGF)POF3-632 /
                      G:(DE-H253)DFG-SFB-676-B01},
      experiment   = {EXP:(DE-H253)ILC(machine)-20150101},
      typ          = {PUB:(DE-HGF)3 / PUB:(DE-HGF)29 / PUB:(DE-HGF)11},
      doi          = {10.3204/PUBDB-2018-05289},
      url          = {http://bib-pubdb1.desy.de/record/416980},
}
% IMPORTANT: The following is UTF-8 encoded.  This means that in the presence
% of non-ASCII characters, it will not work with BibTeX 0.99 or older.
% Instead, you should use an up-to-date BibTeX implementation like ‚Äúbibtex8‚Äù or
% ‚Äúbiber‚Äù.

@PHDTHESIS{Habermehl:417605,
      author       = {Habermehl, Moritz},
      othercontributors = {List, Jenny and Horns, Dieter},
      title        = {{D}ark {M}atter at the {I}nternational {L}inear {C}ollider},
      school       = {Universit√§t Hamburg},
      type         = {Dissertation},
      address      = {Hamburg},
      publisher    = {Verlag Deutsches Elektronen-Synchrotron},
      reportid     = {PUBDB-2018-05723, DESY-THESIS-2018-039},
      series       = {DESY-THESIS},
      pages        = {253},
      year         = {2018},
      note         = {Dissertation, Universit√§t Hamburg, 2018},
      cin          = {FLC},
      cid          = {I:(DE-H253)FLC-20120731},
      pnm          = {611 - Fundamental Particles and Forces (POF3-611)},
      pid          = {G:(DE-HGF)POF3-611},
      experiment   = {EXP:(DE-H253)ILC(machine)-20150101},
      typ          = {PUB:(DE-HGF)3 / PUB:(DE-HGF)29 / PUB:(DE-HGF)11},
      doi          = {10.3204/PUBDB-2018-05723},
      url          = {http://bib-pubdb1.desy.de/record/417605},
}
@article{Fox:2011fx,
      author         = "Fox, Patrick J. and Harnik, Roni and Kopp, Joachim and
                        Tsai, Yuhsin",
      title          = "{LEP Shines Light on Dark Matter}",
      journal        = "Phys. Rev.",
      volume         = "D84",
      year           = "2011",
      pages          = "014028",
      doi            = "10.1103/PhysRevD.84.014028",
      eprint         = "1103.0240",
      archivePrefix  = "arXiv",
      primaryClass   = "hep-ph",
      reportNumber   = "FERMILAB-PUB-11-039-T",
      SLACcitation   = "%%CITATION = ARXIV:1103.0240;%%"
}
@article{Abdallah:2003np,
      author         = "Abdallah, J. and others",
      title          = "{Photon events with missing energy in e+ e- collisions at
                        s**(1/2) = 130-GeV to 209-GeV}",
      collaboration  = "DELPHI",
      journal        = "Eur. Phys. J.",
      volume         = "C38",
      year           = "2005",
      pages          = "395-411",
      doi            = "10.1140/epjc/s2004-02051-8",
      eprint         = "hep-ex/0406019",
      archivePrefix  = "arXiv",
      primaryClass   = "hep-ex",
      reportNumber   = "CERN-EP-2003-093",
      SLACcitation   = "%%CITATION = HEP-EX/0406019;%%"
}
@article{Abdallah:2008aa,
      author         = "Abdallah, J. and others",
      title          = "{Search for one large extra dimension with the DELPHI
                        detector at LEP}",
      collaboration  = "DELPHI",
      journal        = "Eur. Phys. J.",
      volume         = "C60",
      year           = "2009",
      pages          = "17-23",
      doi            = "10.1140/epjc/s10052-009-0874-9",
      eprint         = "0901.4486",
      archivePrefix  = "arXiv",
      primaryClass   = "hep-ex",
      reportNumber   = "CERN-PH-EP-2008-013",
      SLACcitation   = "%%CITATION = ARXIV:0901.4486;%%"
}
@inproceedings{Berggren:2005gp,
      author         = "Berggren, Mikael",
      title          = "{Reconstructing sleptons in cascade-decays at the linear
                        collider}",
      booktitle      = "{Linear colliders. Proceedings, International Conference,
                        LCWS 2004, Paris, France, April 19-23, 2004}",
      year           = "2005",
      pages          = "907-910",
      eprint         = "hep-ph/0508247",
      archivePrefix  = "arXiv",
      primaryClass   = "hep-ph",
      SLACcitation   = "%%CITATION = HEP-PH/0508247;%%"
}
@article{Abbiendi:2002in,
      author         = "Abbiendi, G. and others",
      title          = "{Search for a low mass CP odd Higgs boson in e+ e-
                        collisions with the OPAL detector at LEP-2}",
      collaboration  = "OPAL",
      journal        = "Eur. Phys. J.",
      volume         = "C27",
      year           = "2003",
      pages          = "483-495",
      doi            = "10.1140/epjc/s2003-01139-y",
      eprint         = "hep-ex/0209068",
      archivePrefix  = "arXiv",
      primaryClass   = "hep-ex",
      reportNumber   = "CERN-EP-2002-058",
      SLACcitation   = "%%CITATION = HEP-EX/0209068;%%"
}
@inproceedings{yanichep,
      author         = "Wang, Yan",
      title          = "{Search for Light Scalars Produced in Association
                         with a Z boson at the 250 GeV stage of the ILC}",
      booktitle      = "{39th International Conference on High Energy Physics (ICHEP) }",
      year           = "2018",
      pages          = "PoS(ICHEP2018)630",
#      eprint         = "hep-ph/0508247",
#      archivePrefix  = "arXiv",
#      primaryClass   = "hep-ph",
#      SLACcitation   = "%%CITATION = HEP-PH/0508247;%%"
}
@inproceedings{yanlcws18,
      author         = "Wang, Yan",
      title          = "{Search for Light Scalars Produced in Association
                         with muon pairs at the ILC}",
      booktitle      = "{Linear Collider Work Shop (LCWS2018) }",
      year           = "2019",
#      pages          = "PoS(ICHEP2018)630",
#      eprint         = "hep-ph/0508247",
#      archivePrefix  = "arXiv",
#      primaryClass   = "hep-ph",
#      SLACcitation   = "%%CITATION = HEP-PH/0508247;%%"
}
%@inproceedings{Heinemeyer:2018wzl,
%      author         = "Heinemeyer, S. and Stefaniak, T.",
%      title          = "{A Higgs Boson at 96 GeV?!}",
%      booktitle      = "{7th International Workshop on Prospects for Charged
%                        Higgs Discovery at Colliders (CHARGED 2018) Uppsala,
%                        Sweden, September 25-28, 2018}",
%      year           = "2018",
%      eprint         = "1812.05864",
%      archivePrefix  = "arXiv",
%      primaryClass   = "hep-ph",
%      reportNumber   = "IFT-UAM/CSIC-18-125, DESY-18-221",
%      SLACcitation   = "%%CITATION = ARXIV:1812.05864;%%"
%}
@inproceedings{Asner:2013psa,
      author         = "Asner, D. M. and others",
      title          = "{ILC Higgs White Paper}",
      booktitle      = "{Proceedings, 2013 Community Summer Study on the Future
                        of U.S. Particle Physics: Snowmass on the Mississippi
                        (CSS2013): Minneapolis, MN, USA, July 29-August 6, 2013}",
      url            = "http://www.slac.stanford.edu/econf/C1307292/docs/submittedArxivFiles/1310.0763.pdf",
      year           = "2013",
      eprint         = "1310.0763",
      archivePrefix  = "arXiv",
      primaryClass   = "hep-ph",
      SLACcitation   = "%%CITATION = ARXIV:1310.0763;%%"
}
@article{deVries:2015hva,
      author         = "de Vries, K. J. and others",
      title          = "{The pMSSM10 after LHC Run 1}",
      journal        = "Eur. Phys. J.",
      volume         = "C75",
      year           = "2015",
      number         = "9",
      pages          = "422",
      doi            = "10.1140/epjc/s10052-015-3599-y",
      eprint         = "1504.03260",
      archivePrefix  = "arXiv",
      primaryClass   = "hep-ph",
      reportNumber   = "KCL-PH-TH-2015-15, LCTS-2015-07, CERN-PH-TH-2015-066,
                        DESY-15-046, FTPI-MINN-15-13, UMN-TH-3427-15,
                        SLAC-PUB-16245, FERMILAB-PUB-15-100-CMS",
      SLACcitation   = "%%CITATION = ARXIV:1504.03260;%%"
}
% IMPORTANT: The following is UTF-8 encoded.  This means that in the presence
% of non-ASCII characters, it will not work with BibTeX 0.99 or older.
% Instead, you should use an up-to-date BibTeX implementation like ‚Äúbibtex8‚Äù or
% ‚Äúbiber‚Äù.

@PHDTHESIS{Lehtinen:415433,
      author       = {Lehtinen, Suvi-Leena},
      othercontributors = {List, Jenny and Sander, Christian},
      title        = {{S}upersymmetry parameter determination at the
                      {I}nternational {L}inear {C}ollider},
      school       = {Universit√§t Hamburg},
      type         = {Dissertation},
      address      = {Hamburg},
      publisher    = {Verlag Deutsches Elektronen-Synchrotron},
      reportid     = {PUBDB-2018-04509, DESY-THESIS-2018-035},
      series       = {DESY-THESIS},
      pages        = {279},
      year         = {2018},
      note         = {Dissertation, Universit√§t Hamburg, 2018},
      cin          = {FLC},
      cid          = {I:(DE-H253)FLC-20120731},
      pnm          = {611 - Fundamental Particles and Forces (POF3-611) / SFB 676
                      - SFB 676: Particles, Strings and the Early Universe: The
                      Structure of Matter and Space-Time (DFG-SFB-676)},
      pid          = {G:(DE-HGF)POF3-611 / G:(DE-H253)DFG-SFB-676},
      experiment   = {EXP:(DE-H253)ILC(machine)-20150101},
      typ          = {PUB:(DE-HGF)3 / PUB:(DE-HGF)29 / PUB:(DE-HGF)11},
      doi          = {10.3204/PUBDB-2018-04509},
      url          = {http://bib-pubdb1.desy.de/record/415433},
}
@article{Ade:2015xua,
      author         = "Ade, P. A. R. and others",
      title          = "{Planck 2015 results. XIII. Cosmological parameters}",
      collaboration  = "Planck",
      journal        = "Astron. Astrophys.",
      volume         = "594",
      year           = "2016",
      pages          = "A13",
      doi            = "10.1051/0004-6361/201525830",
      eprint         = "1502.01589",
      archivePrefix  = "arXiv",
      primaryClass   = "astro-ph.CO",
      SLACcitation   = "%%CITATION = ARXIV:1502.01589;%%"
}
@article{Aaboud:2017leg,
      author         = "Aaboud, Morad and others",
      title          = "{Search for electroweak production of supersymmetric
                        states in scenarios with compressed mass spectra at
                        $\sqrt{s}=13$ TeV with the ATLAS detector}",
      collaboration  = "ATLAS",
      journal        = "Phys. Rev.",
      volume         = "D97",
      year           = "2018",
      number         = "5",
      pages          = "052010",
      doi            = "10.1103/PhysRevD.97.052010",
      eprint         = "1712.08119",
      archivePrefix  = "arXiv",
      primaryClass   = "hep-ex",
      reportNumber   = "CERN-EP-2017-297",
      SLACcitation   = "%%CITATION = ARXIV:1712.08119;%%"
}
@article{Sirunyan:2018nwe,
      author         = "Sirunyan, Albert M. and others",
      title          = "{Search for supersymmetric partners of electrons and
                        muons in proton-proton collisions at $\sqrt{s}=$ 13 TeV}",
      collaboration  = "CMS",
      journal        = "Submitted to: Phys. Lett.",
      year           = "2018",
      eprint         = "1806.05264",
      archivePrefix  = "arXiv",
      primaryClass   = "hep-ex",
      reportNumber   = "CMS-SUS-17-009, CERN-EP-2018-132",
      SLACcitation   = "%%CITATION = ARXIV:1806.05264;%%"
}
@article{Aaboud:2018jiw,
      author         = "Aaboud, M. and others",
      title          = "{Search for electroweak production of supersymmetric
                        particles in final states with two or three leptons at
                        $\sqrt{s}=13\,$TeV with the ATLAS detector}",
      collaboration  = "ATLAS",
      journal        = "Eur. Phys. J.",
      volume         = "C78",
      year           = "2018",
      number         = "12",
      pages          = "995",
      doi            = "10.1140/epjc/s10052-018-6423-7",
      eprint         = "1803.02762",
      archivePrefix  = "arXiv",
      primaryClass   = "hep-ex",
      reportNumber   = "CERN-EP-2017-303",
      SLACcitation   = "%%CITATION = ARXIV:1803.02762;%%"
}
% IMPORTANT: The following is UTF-8 encoded.  This means that in the presence
% of non-ASCII characters, it will not work with BibTeX 0.99 or older.
% Instead, you should use an up-to-date BibTeX implementation like ‚Äúbibtex8‚Äù or
% ‚Äúbiber‚Äù.

@PHDTHESIS{Chera:402736,
      author       = {Chera, Madalina},
      othercontributors = {List, Jenny},
      title        = {{P}article {F}low: {F}rom {F}irst {P}rinciples to {G}augino
                      {P}roperty {D}etermination at the {ILC}},
      school       = {Universit√§t Hamburg},
      type         = {Dissertation},
      address      = {Hamburg},
      publisher    = {Verlag Deutsches Elektronen-Synchrotron},
      reportid     = {PUBDB-2018-01897, DESY-THESIS-2018-012},
      series       = {DESY-THESIS},
      pages        = {277},
      year         = {2018},
      note         = {Dissertation, Universit√§t Hamburg, 2018},
      cin          = {FLC},
      cid          = {I:(DE-H253)FLC-20120731},
      pnm          = {611 - Fundamental Particles and Forces (POF3-611) / SFB
                      676-B01 - Optimising the ILC setup: Physics programme,
                      running scenarios and design choices (DFG-SFB-676)},
      pid          = {G:(DE-HGF)POF3-611 / G:(DE-H253)DFG-SFB-676-B01},
      experiment   = {EXP:(DE-H253)ILC(machine)-20150101},
      typ          = {PUB:(DE-HGF)3 / PUB:(DE-HGF)29 / PUB:(DE-HGF)11},
      doi          = {10.3204/PUBDB-2018-01897},
      url          = {http://bib-pubdb1.desy.de/record/402736},
}
@article{Sirunyan:2018ubx,
      author         = "Sirunyan, A. M. and others",
      title          = "{Combined search for electroweak production of charginos
                        and neutralinos in proton-proton collisions at $\sqrt{s}
                        =$ 13 TeV}",
      collaboration  = "CMS",
      journal        = "JHEP",
      volume         = "03",
      year           = "2018",
      pages          = "160",
      doi            = "10.1007/JHEP03(2018)160",
      eprint         = "1801.03957",
      archivePrefix  = "arXiv",
      primaryClass   = "hep-ex",
      reportNumber   = "CMS-SUS-17-004, CERN-EP-2017-283",
      SLACcitation   = "%%CITATION = ARXIV:1801.03957;%%"
}
@techreport{ATL-PHYS-PUB-2018-048,
      title         = "{Prospects for searches for staus, charginos and
                       neutralinos at the high luminosity LHC with the ATLAS
                       Detector}",
      institution   = "CERN",
      collaboration = "ATLAS Collaboration",
      address       = "Geneva",
      number        = "ATL-PHYS-PUB-2018-048",
      month         = "Dec",
      year          = "2018",
      reportNumber  = "ATL-PHYS-PUB-2018-048",
      url           = "http://cds.cern.ch/record/2651927",
}
@article{Choi:2001ww,
      author         = "Choi, S. Y. and Kalinowski, J. and Moortgat-Pick, Gudrid
                        A. and Zerwas, P. M.",
      title          = "{Analysis of the neutralino system in supersymmetric
                        theories}",
      journal        = "Eur. Phys. J.",
      volume         = "C22",
      year           = "2001",
      pages          = "563-579",
      doi            = "10.1007/s100520100808",
      note           = "[Addendum: Eur. Phys. J.C23,769(2002)]",
      eprint         = "hep-ph/0108117",
      archivePrefix  = "arXiv",
      primaryClass   = "hep-ph",
      reportNumber   = "DESY-01-088, IFT-01-19",
      SLACcitation   = "%%CITATION = HEP-PH/0108117;%%"
}
@article{Baer:2005bu,
      author         = "Baer, Howard and Mustafayev, Azar and Profumo, Stefano
                        and Belyaev, Alexander and Tata, Xerxes",
      title          = "{Direct, indirect and collider detection of neutralino
                        dark matter in SUSY models with non-universal Higgs
                        masses}",
      journal        = "JHEP",
      volume         = "07",
      year           = "2005",
      pages          = "065",
      doi            = "10.1088/1126-6708/2005/07/065",
      eprint         = "hep-ph/0504001",
      archivePrefix  = "arXiv",
      primaryClass   = "hep-ph",
      reportNumber   = "FSU-HEP-050315, UH-511-1067-05",
      SLACcitation   = "%%CITATION = HEP-PH/0504001;%%"
}
@article{Baer:2015rja,
      author         = "Baer, Howard and Barger, Vernon and Savoy, Michael",
      title          = "{Upper bounds on sparticle masses from naturalness or how
                        to disprove weak scale supersymmetry}",
      journal        = "Phys. Rev.",
      volume         = "D93",
      year           = "2016",
      number         = "3",
      pages          = "035016",
      doi            = "10.1103/PhysRevD.93.035016",
      eprint         = "1509.02929",
      archivePrefix  = "arXiv",
      primaryClass   = "hep-ph",
      SLACcitation   = "%%CITATION = ARXIV:1509.02929;%%"
}
@article{Aaboud:2017vwy,
      author         = "Aaboud, Morad and others",
      title          = "{Search for squarks and gluinos in final states with jets
                        and missing transverse momentum using 36‚Äâ‚Äâfb$^{-1}$ of
                        $\sqrt{s}=13$‚Äâ‚ÄâTeV pp collision data with the ATLAS
                        detector}",
      collaboration  = "ATLAS",
      journal        = "Phys. Rev.",
      volume         = "D97",
      year           = "2018",
      number         = "11",
      pages          = "112001",
      doi            = "10.1103/PhysRevD.97.112001",
      eprint         = "1712.02332",
      archivePrefix  = "arXiv",
      primaryClass   = "hep-ex",
      reportNumber   = "CERN-EP-2017-136",
      SLACcitation   = "%%CITATION = ARXIV:1712.02332;%%"
}
@article{Sirunyan:2018vjp,
      author         = "Sirunyan, Albert M and others",
      title          = "{Search for natural and split supersymmetry in
                        proton-proton collisions at $ \sqrt{s}=13 $ TeV in final
                        states with jets and missing transverse momentum}",
      collaboration  = "CMS",
      journal        = "JHEP",
      volume         = "05",
      year           = "2018",
      pages          = "025",
      doi            = "10.1007/JHEP05(2018)025",
      eprint         = "1802.02110",
      archivePrefix  = "arXiv",
      primaryClass   = "hep-ex",
      reportNumber   = "CMS-SUS-16-038, CERN-EP-2018-003",
      SLACcitation   = "%%CITATION = ARXIV:1802.02110;%%"
}
@article{Aaboud:2017ayj,
      author         = "Aaboud, Morad and others",
      title          = "{Search for a scalar partner of the top quark in the jets
                        plus missing transverse momentum final state at
                        $\sqrt{s}$=13 TeV with the ATLAS detector}",
      collaboration  = "ATLAS",
      journal        = "JHEP",
      volume         = "12",
      year           = "2017",
      pages          = "085",
      doi            = "10.1007/JHEP12(2017)085",
      eprint         = "1709.04183",
      archivePrefix  = "arXiv",
      primaryClass   = "hep-ex",
      reportNumber   = "CERN-EP-2017-162",
      SLACcitation   = "%%CITATION = ARXIV:1709.04183;%%"
}
@article{Baer:2016usl,
      author         = "Baer, Howard and Barger, Vernon and Savoy, Michael and
                        Tata, Xerxes",
      title          = "{Multichannel assault on natural supersymmetry at the
                        high luminosity LHC}",
      journal        = "Phys. Rev.",
      volume         = "D94",
      year           = "2016",
      number         = "3",
      pages          = "035025",
      doi            = "10.1103/PhysRevD.94.035025",
      eprint         = "1604.07438",
      archivePrefix  = "arXiv",
      primaryClass   = "hep-ph",
      reportNumber   = "OU-HEP-160422, NSF-KITP-16-041, UH-511-1262-16",
      SLACcitation   = "%%CITATION = ARXIV:1604.07438;%%"
}

