@article{Cahill-Rowley:2014wba,
      author         = "Cahill-Rowley, M. and Hewett, J. and Ismail, A. and
                        Rizzo, T.",
      title          = "{Higgs boson coupling measurements and direct searches as
                        complementary probes of the phenomenological MSSM}",
      journal        = "Phys. Rev.",
      volume         = "D90",
      year           = "2014",
      number         = "9",
      pages          = "095017",
      doi            = "10.1103/PhysRevD.90.095017",
      eprint         = "1407.7021",
      archivePrefix  = "arXiv",
      primaryClass   = "hep-ph",
      reportNumber   = "SLAC-PUB-15935",
      SLACcitation   = "%%CITATION = ARXIV:1407.7021;%%"
}
