@article{Cahill-Rowley:2014wba,
      author         = "Cahill-Rowley, M. and Hewett, J. and Ismail, A. and
                        Rizzo, T.",
      title          = "{Higgs boson coupling measurements and direct searches as
                        complementary probes of the phenomenological MSSM}",
      journal        = "Phys. Rev.",
      volume         = "D90",
      year           = "2014",
      number         = "9",
      pages          = "095017",
      doi            = "10.1103/PhysRevD.90.095017",
      eprint         = "1407.7021",
      archivePrefix  = "arXiv",
      primaryClass   = "hep-ph",
      reportNumber   = "SLAC-PUB-15935",
      SLACcitation   = "%%CITATION = ARXIV:1407.7021;%%"
}

@article{Wells:2017vla,
      author         = "Wells, James D. and Zhang, Zhengkang",
      title          = "{Effective field theory approach to trans-TeV
                        supersymmetry: covariant matching, Yukawa unification and
                        Higgs couplings}",
      journal        = "JHEP",
      volume         = "05",
      year           = "2018",
      pages          = "182",
      doi            = "10.1007/JHEP05(2018)182",
      eprint         = "1711.04774",
      archivePrefix  = "arXiv",
      primaryClass   = "hep-ph",
      reportNumber   = "LCTP-17-06",
      SLACcitation   = "%%CITATION = ARXIV:1711.04774;%%"
}

@article{Kanemura:2015mxa,
      author         = "Kanemura, Shinya and Kikuchi, Mariko and Yagyu, Kei",
      title          = "{Fingerprinting the extended Higgs sector using one-loop
                        corrected Higgs boson couplings and future precision
                        measurements}",
      journal        = "Nucl. Phys.",
      volume         = "B896",
      year           = "2015",
      pages          = "80-137",
      doi            = "10.1016/j.nuclphysb.2015.04.015",
      eprint         = "1502.07716",
      archivePrefix  = "arXiv",
      primaryClass   = "hep-ph",
      reportNumber   = "UT-HET-099",
      SLACcitation   = "%%CITATION = ARXIV:1502.07716;%%"
}

@inproceedings{Haber:1994mt,
      author         = "Haber, Howard E.",
      title          = "{Nonminimal Higgs sectors: The Decoupling limit and its
                        phenomenological implications}",
      booktitle      = "{Joint U.S.-Polish Workshop on Physics from Planck Scale
                        to Electro-Weak Scale (SUSY 94) Warsaw, Poland, September
                        21-24, 1994}",
      year           = "1994",
      pages          = "1-16",
      note           = "[,1(1994)]",
      eprint         = "hep-ph/9501320",
      archivePrefix  = "arXiv",
      primaryClass   = "hep-ph",
      reportNumber   = "SCIPP-94-39",
      SLACcitation   = "%%CITATION = HEP-PH/9501320;%%"
}

@article{Lepage:2014fla,
      author         = "Lepage, G. Peter and Mackenzie, Paul B. and Peskin,
                        Michael E.",
      title          = "{Expected Precision of Higgs Boson Partial Widths within
                        the Standard Model}",
      year           = "2014",
      eprint         = "1404.0319",
      archivePrefix  = "arXiv",
      primaryClass   = "hep-ph",
      reportNumber   = "FERMILAB-PUB-14-068-T, SLAC-PUB-15936,
                        FERMILAB--PUB--14--068--T, SLAC--PUB--15936",
      SLACcitation   = "%%CITATION = ARXIV:1404.0319;%%"
}

@article{Han:2003gf,
      author         = "Han, Tao and Logan, Heather E. and McElrath, Bob and
                        Wang, Lian-Tao",
      title          = "{Loop induced decays of the little Higgs: H ---> gg,
                        gamma gamma}",
      journal        = "Phys. Lett.",
      volume         = "B563",
      year           = "2003",
      pages          = "191-202",
      doi            = "10.1016/j.physletb.2004.10.021,
                        10.1016/S0370-2693(03)00657-9",
      note           = "[Erratum: Phys. Lett.B603,257(2004)]",
      eprint         = "hep-ph/0302188",
      archivePrefix  = "arXiv",
      primaryClass   = "hep-ph",
      reportNumber   = "MADPH-03-1319",
      SLACcitation   = "%%CITATION = HEP-PH/0302188;%%"
}

@article{Agashe:2004rs,
      author         = "Agashe, Kaustubh and Contino, Roberto and Pomarol, Alex",
      title          = "{The Minimal composite Higgs model}",
      journal        = "Nucl. Phys.",
      volume         = "B719",
      year           = "2005",
      pages          = "165-187",
      doi            = "10.1016/j.nuclphysb.2005.04.035",
      eprint         = "hep-ph/0412089",
      archivePrefix  = "arXiv",
      primaryClass   = "hep-ph",
      reportNumber   = "UAB-FT-567",
      SLACcitation   = "%%CITATION = HEP-PH/0412089;%%"
}

@article{Barklow:2017suo,
      author         = "Barklow, Tim and Fujii, Keisuke and Jung, Sunghoon and
                        Karl, Robert and List, Jenny and Ogawa, Tomohisa and
                        Peskin, Michael E. and Tian, Junping",
      title          = "{Improved Formalism for Precision Higgs Coupling Fits}",
      journal        = "Phys. Rev.",
      volume         = "D97",
      year           = "2018",
      number         = "5",
      pages          = "053003",
      doi            = "10.1103/PhysRevD.97.053003",
      eprint         = "1708.08912",
      archivePrefix  = "arXiv",
      primaryClass   = "hep-ph",
      reportNumber   = "DESY-17-120, KEK-PREPRINT-2017-22, SLAC-PUB-17129",
      SLACcitation   = "%%CITATION = ARXIV:1708.08912;%%"
}

@article{Curtin:2013fra,
      author         = "Curtin, David and others",
      title          = "{Exotic decays of the 125 GeV Higgs boson}",
      journal        = "Phys. Rev.",
      volume         = "D90",
      year           = "2014",
      number         = "7",
      pages          = "075004",
      doi            = "10.1103/PhysRevD.90.075004",
      eprint         = "1312.4992",
      archivePrefix  = "arXiv",
      primaryClass   = "hep-ph",
      reportNumber   = "YITP-13-47, PITT-PACC-1314",
      SLACcitation   = "%%CITATION = ARXIV:1312.4992;%%"
}

@article{Liu:2016zki,
      author         = "Liu, Zhen and Wang, Lian-Tao and Zhang, Hao",
      title          = "{Exotic decays of the 125 GeV Higgs boson at future
                        $e^+e^-$ lepton colliders}",
      journal        = "Chin. Phys.",
      volume         = "C41",
      year           = "2017",
      number         = "6",
      pages          = "063102",
      doi            = "10.1088/1674-1137/41/6/063102",
      eprint         = "1612.09284",
      archivePrefix  = "arXiv",
      primaryClass   = "hep-ph",
      reportNumber   = "FERMILAB-PUB-16-608-T",
      SLACcitation   = "%%CITATION = ARXIV:1612.09284;%%"
}

@article{Fujii:2015jha,
      author         = "Fujii, Keisuke and others",
      title          = "{Physics Case for the International Linear Collider}",
      year           = "2015",
      eprint         = "1506.05992",
      archivePrefix  = "arXiv",
      primaryClass   = "hep-ex",
      reportNumber   = "ILC-NOTE-2015-067, DESY-15-094, KEK-PREPRINT-2015-16,
                        LAL-15-188, MPP-2015-120, SLAC-PUB-16302",
      SLACcitation   = "%%CITATION = ARXIV:1506.05992;%%"
}

@article{Grzadkowski:2010es,
      author         = "Grzadkowski, B. and Iskrzynski, M. and Misiak, M. and
                        Rosiek, J.",
      title          = "{Dimension-Six Terms in the Standard Model Lagrangian}",
      journal        = "JHEP",
      volume         = "10",
      year           = "2010",
      pages          = "085",
      doi            = "10.1007/JHEP10(2010)085",
      eprint         = "1008.4884",
      archivePrefix  = "arXiv",
      primaryClass   = "hep-ph",
      reportNumber   = "IFT-9-2010, TTP10-35",
      SLACcitation   = "%%CITATION = ARXIV:1008.4884;%%"
}

@article{Hagiwara:1986vm,
      author         = "Hagiwara, Kaoru and Peccei, R. D. and Zeppenfeld, D. and
                        Hikasa, K.",
      title          = "{Probing the Weak Boson Sector in e+ e- ---> W+ W-}",
      journal        = "Nucl. Phys.",
      volume         = "B282",
      year           = "1987",
      pages          = "253-307",
      doi            = "10.1016/0550-3213(87)90685-7",
      reportNumber   = "MAD/PH/279, DESY-86-058",
      SLACcitation   = "%%CITATION = NUPHA,B282,253;%%"
}

@article{Falkowski:2016cxu,
      author         = "Falkowski, Adam and Gonzalez-Alonso, Martin and Greljo,
                        Admir and Marzocca, David and Son, Minho",
      title          = "{Anomalous Triple Gauge Couplings in the Effective Field
                        Theory Approach at the LHC}",
      journal        = "JHEP",
      volume         = "02",
      year           = "2017",
      pages          = "115",
      doi            = "10.1007/JHEP02(2017)115",
      eprint         = "1609.06312",
      archivePrefix  = "arXiv",
      primaryClass   = "hep-ph",
      reportNumber   = "ZU-TH-34-16",
      SLACcitation   = "%%CITATION = ARXIV:1609.06312;%%"
}

@article{Funatsu:2017nfm,
      author         = "Funatsu, Shuichiro and Hatanaka, Hisaki and Hosotani,
                        Yutaka and Orikasa, Yuta",
      title          = "{Distinct signals of the gauge-Higgs unification in
                        $e^+e^-$ collider experiments}",
      journal        = "Phys. Lett.",
      volume         = "B775",
      year           = "2017",
      pages          = "297-302",
      doi            = "10.1016/j.physletb.2017.10.068",
      eprint         = "1705.05282",
      archivePrefix  = "arXiv",
      primaryClass   = "hep-ph",
      reportNumber   = "KEK-TH-1978, OU-HET-934",
      SLACcitation   = "%%CITATION = ARXIV:1705.05282;%%"
}

@article{Fujii:2017ekh,
      author         = "Fujii, Keisuke and others",
      title          = "{The Potential of the ILC for Discovering New Particles}",
      year           = "2017",
      eprint         = "1702.05333",
      archivePrefix  = "arXiv",
      primaryClass   = "hep-ph",
      reportNumber   = "DESY-17-012, KEK-PREPRINT-2016-60, SLAC-PUB-16916,
                        LAL-17-017, MPP-2017-5, IFT-UAM-CSIC-17-008",
      SLACcitation   = "%%CITATION = ARXIV:1702.05333;%%"
}

@article{YR,
   author = "LHC",
   title = "{HL-LHC Yellow Report}",
   year = "2018",
   journal = "HL-LHC Yellow Report"
}

@article{Sirunyan:2018koj,
      author         = "Sirunyan, Albert M and others",
      title          = "{Combined measurements of Higgs boson couplings in
                        proton-proton collisions at $\sqrt{s}=$ 13 TeV}",
      collaboration  = "CMS",
      journal        = "Submitted to: Eur. Phys. J.",
      year           = "2018",
      eprint         = "1809.10733",
      archivePrefix  = "arXiv",
      primaryClass   = "hep-ex",
      reportNumber   = "CMS-HIG-17-031, CERN-EP-2018-263",
      SLACcitation   = "%%CITATION = ARXIV:1809.10733;%%"
}

@article{Fujii:2017vwa,
      author         = "Fujii, Keisuke and others",
      title          = "{Physics Case for the 250 GeV Stage of the International
                        Linear Collider}",
      year           = "2017",
      eprint         = "1710.07621",
      archivePrefix  = "arXiv",
      primaryClass   = "hep-ex",
      reportNumber   = "DESY-17-155 / KEK Preprint 2017-31 / LAL 17-059 /
                        SLAC-PUB-17161, DESY-17-155, KEK-PREPRINT-2017-31,
                        LAL-17-059, SLAC-PUB-17161,
                        DESY-17-155---KEK-PREPRINT-2017-31---LAL-17-059---SLAC-PUB-17161",
      SLACcitation   = "%%CITATION = ARXIV:1710.07621;%%"
}

@article{Barklow:2015tja,
      author         = "Barklow, T. and Brau, J. and Fujii, K. and Gao, J. and
                        List, J. and Walker, N. and Yokoya, K.",
      title          = "{ILC Operating Scenarios}",
      year           = "2015",
      eprint         = "1506.07830",
      archivePrefix  = "arXiv",
      primaryClass   = "hep-ex",
      reportNumber   = "ILC-NOTE-2015-068, DESY-15-102, IHEP-AC-2015-002,
                        KEK-PREPRINT --2015-17, SLAC-PUB-16309",
      SLACcitation   = "%%CITATION = ARXIV:1506.07830;%%"
}

<<<<<<< HEAD
=======


@article{Behnke:2013xla,
      author         = "Behnke, Ties and Brau, James E. and Foster, Brian and
                        Fuster, Juan and Harrison, Mike and Paterson, James McEwan
                        and Peskin, Michael and Stanitzki, Marcel and Walker,
                        Nicholas and Yamamoto, Hitoshi",
      title          = "{The International Linear Collider Technical Design
                        Report - Volume 1: Executive Summary}",
      year           = "2013",
      eprint         = "1306.6327",
      archivePrefix  = "arXiv",
      primaryClass   = "physics.acc-ph",
      reportNumber   = "ILC-REPORT-2013-040, ANL-HEP-TR-13-20,
                        BNL-100603-2013-IR, IRFU-13-59, CERN-ATS-2013-037,
                        COCKCROFT-13-10, CLNS-13-2085, DESY-13-062,
                        FERMILAB-TM-2554, IHEP-AC-ILC-2013-001, INFN-13-04-LNF,
                        JAI-2013-001, JINR-E9-2013-35, JLAB-R-2013-01,
                        KEK-REPORT-2013-1, KNU-CHEP-ILC-2013-1, LLNL-TR-635539,
                        SLAC-R-1004, ILC-HIGRADE-REPORT-2013-003",
      SLACcitation   = "%%CITATION = ARXIV:1306.6327;%%"
}

@article{Behnke:2013lya,
      author         = "Abramowicz, Halina and others",
      editor         = "Behnke, Ties and Brau, James E. and Burrows, Philip N.
                        and Fuster, Juan and Peskin, Michael and Stanitzki, Marcel
                        and Sugimoto, Yasuhiro and Yamada, Sakue and Yamamoto,
                        Hitoshi",
      title          = "{The International Linear Collider Technical Design
                        Report - Volume 4: Detectors}",
      year           = "2013",
      eprint         = "1306.6329",
      archivePrefix  = "arXiv",
      primaryClass   = "physics.ins-det",
      reportNumber   = "ILC-REPORT-2013-040, ANL-HEP-TR-13-20,
                        BNL-100603-2013-IR, IRFU-13-59, CERN-ATS-2013-037,
                        COCKCROFT-13-10, CLNS-13-2085, DESY-13-062,
                        FERMILAB-TM-2554, IHEP-AC-ILC-2013-001, INFN-13-04-LNF,
                        JAI-2013-001, JINR-E9-2013-35, JLAB-R-2013-01,
                        KEK-REPORT-2013-1, KNU-CHEP-ILC-2013-1, LLNL-TR-635539,
                        SLAC-R-1004, ILC-HIGRADE-REPORT-2013-003",
      SLACcitation   = "%%CITATION = ARXIV:1306.6329;%%"
}

@misc{AdvPanel, 
    year= 2018,
	title= "{Summary of the ILC Advisory Panel's Discussions}",
    howpublished = "\url{http://www.mext.go.jp/component/b\_menu/shingi/
toushin/\__icsFiles/afieldfile/2018/09/20/1409220\_2\_1.pdf"}"
}

@article{Asai:2017pwp,
      author         = "Asai, Shoji and Tanaka, Junichi and Ushiroda, Yutaka and
                        Nakao, Mikihiko and Tian, Junping and Kanemura, Shinya and
                        Matsumoto, Shigeki and Shirai, Satoshi and Endo, Motoi and
                        Kakizaki, Mitsuru",
      title          = "{Report by the Committee on the Scientific Case of the
                        ILC Operating at 250 GeV as a Higgs Factory}",
      year           = "2017",
      eprint         = "1710.08639",
      archivePrefix  = "arXiv",
      primaryClass   = "hep-ex",
      SLACcitation   = "%%CITATION = ARXIV:1710.08639;%%"
}
>>>>>>> 07be32e0b4e6bbadf749894c46642e3bffb65490
